
@article{shearer2018social,
  title={Social media outpaces print newspapers in the US as a news source},
  author={Shearer, Elisa},
  journal={Pew research center},
  volume={10},
  year={2018}
}

@article{barthel2016americans,
  title={Many Americans Believe Fake News Is Sowing Confusion
},
  author={Barthel, Michael and Mitchell, Amy and Holcomb, Jesse},
  journal={Pew research center},
  volume={10},
  year={2016}
}
%% 27 states ban false statements
@article{Vasilogambros2019political,
  title={Political Candidates Don’t Always Tell the Truth (And You Can’t Make Them)},
  author={Vasilogambros, Matt},
  journal={Pew research center},
  volume={10},
  year={2019}
}

@article{mitchell2020americans,
  title={Americans Who Mainly Get Their News on Social Media Are Less Engaged, Less Knowledgeable},
  author={Mitchell, A and Jurkowitz, M and Baxter Oliphant, J and Shearer, E},
  journal={Pew Research Center: Journalism \& Media},
  year={2020}
}

@article{matsa2018news,
  title={News use across social media platforms 2018},
  author={Matsa, Katerina Eva and Shearer, Elisa},
  journal={Pew Research Center},
  volume={10},
  year={2018}
}

@book{qualman2012socialnomics,
  title={Socialnomics: How social media transforms the way we live and do business},
  author={Qualman, Erik},
  year={2012},
  publisher={John Wiley \& Sons}
}

@book{tapscott2008wikinomics,
  title={Wikinomics: How mass collaboration changes everything},
  author={Tapscott, Don and Williams, Anthony D},
  year={2008},
  publisher={Penguin}
}

@article{mirbabaie2020breaking,
  title={‘Breaking’news: uncovering sense-breaking patterns in social media crisis communication during the 2017 Manchester bombing},
  author={Mirbabaie, Milad and Marx, Julian},
  journal={Behaviour \& Information Technology},
  volume={39},
  number={3},
  pages={252--266},
  year={2020},
  publisher={Taylor \& Francis}
}

@article{walker2014breaking,
  title={Breaking the news: The role of state-run media},
  author={Walker, Christopher and Orttung, Robert W},
  journal={Journal of Democracy},
  volume={25},
  number={1},
  pages={71--85},
  year={2014},
  publisher={Johns Hopkins University Press}
}

@article{eriksson2016facebook,
  title={Facebook and Twitter in crisis communication: A comparative study of crisis communication professionals and citizens},
  author={Eriksson, Mats and Olsson, Eva-Karin},
  journal={Journal of contingencies and crisis management},
  volume={24},
  number={4},
  pages={198--208},
  year={2016},
  publisher={Wiley Online Library}
}

@article{chan2020social,
  title={Social media in knowledge translation and education for physicians and trainees: a scoping review},
  author={Chan, Teresa M and Dzara, Kristina and Dimeo, Sara Paradise and Bhalerao, Anuja and Maggio, Lauren A},
  journal={Perspectives on medical education},
  pages={1--11},
  year={2020},
  publisher={Springer}
}

@article{gottlieb2020information,
  title={Information and Disinformation: Social Media in the COVID-19 Crisis},
  author={Gottlieb, Michael and Dyer, Sean},
  journal={Academic Emergency Medicine},
  year={2020},
  publisher={Wiley Online Library}
}

@article{goldman2016comet,
  title={The Comet Ping Pong gunman answers our reporter’s questions},
  author={Goldman, Adam},
  journal={The New York Times},
  volume={7},
  year={2016}
}

@article{horowitz2020facebook,
  title={Facebook Knew Calls for Violence Plagued ‘Groups,’ Now Plans Overhaul},
  author={Horowitz, Jeff},
  journal={The Wall Street Journal},
  year={2020},
  month={Jan},
  day={31}
}

@article{subedar2018country,
  title={The Country where Facebook Posts Whipped up Hate},
  author={Subedar, Anisa},
  journal={BBC News},
  volume={12},
  year={2018}
}

@inproceedings{maddock2015characterizing,
  title={Characterizing online rumoring behavior using multi-dimensional signatures},
  author={Maddock, Jim and Starbird, Kate and Al-Hassani, Haneen J and Sandoval, Daniel E and Orand, Mania and Mason, Robert M},
  booktitle={Proceedings of the 18th ACM conference on computer supported cooperative work \& social computing},
  pages={228--241},
  year={2015}
}
@article{vosoughi2018spread,
  title={The spread of true and false news online},
  author={Vosoughi, Soroush and Roy, Deb and Aral, Sinan},
  journal={Science},
  volume={359},
  number={6380},
  pages={1146--1151},
  year={2018},
  publisher={American Association for the Advancement of Science}
}

@article{starbird2014rumors,
  title={Rumors, false flags, and digital vigilantes: Misinformation on twitter after the 2013 boston marathon bombing},
  author={Starbird, Kate and Maddock, Jim and Orand, Mania and Achterman, Peg and Mason, Robert M},
  journal={IConference 2014 Proceedings},
  year={2014},
  publisher={iSchools}
}

%% cited sources for debunked pizzagate
@article{kang2016fake,
  title={Fake news onslaught targets pizzeria as nest of child-trafficking},
  author={Kang, Cecilia},
  journal={The New York Times},
  pages={B1},
  year={2016}
}

 @misc{lacapria2016fact, 
    title={FACT CHECK: Is Comet Ping Pong Pizzeria Home to a Child Abuse Ring Led by Hillary Clinton?},
    url={https://www.snopes.com/fact-check/pizzagate-conspiracy/},
    journal={Snopes.com}, 
    author={LaCapria, Kim},
    year={2016}
} 
 @misc{raffi2013tweets, 
    title={New Tweets per second record, and how!},
    url={https://blog.twitter.com/engineering/en$\_$us/a/2013/new-tweets-per-second-record-and-how.html},
    journal={Twitter.com}, 
    author={@raffi},
    year={2013},
    month={Aug},
    day={16}
} 

 @misc{lee2020pelosi, 
    title={Does Pelosi Want ‘Guaranteed Minimum Incomes’ for ‘Illegal Aliens’ in Next COVID-19 Stimulus?},
    url={https://www.snopes.com/fact-check/pelosi-stimulus-package/},
    journal={Snopes.com}, 
    author={Lee, Jessica},
    year={2020}
} 

 @article{board_2016, 
 title={'Pizzagate' shows how fake news hurts real people}, url={https://www.washingtonpost.com/opinions/pizzagate-shows-how-fake-news-hurts-real-people/2016/11/25/d9ee0590-b0f9-11e6-840f-e3ebab6bcdd3$\_$story.html?utm$\_$term=.16f3d5f644b7}, 
 journal={The Washington Post}, 
 publisher={WP Company}, 
 author={Board, Editorial}, 
 year={2016}, 
 month={Nov}
 } 
 @book{bennett2012logically,
  title={Logically fallacious: The ultimate collection of over 300 logical fallacies (Academic Edition)},
  author={Bennett, Bo},
  year={2012},
  publisher={EBookIt. com}
}
 
 @article{schmidt2017anatomy,
  title={Anatomy of news consumption on Facebook},
  author={Schmidt, Ana Luc{\'\i}a and Zollo, Fabiana and Del Vicario, Michela and Bessi, Alessandro and Scala, Antonio and Caldarelli, Guido and Stanley, H Eugene and Quattrociocchi, Walter},
  journal={Proceedings of the National Academy of Sciences},
  volume={114},
  number={12},
  pages={3035--3039},
  year={2017},
  publisher={National Acad Sciences}
}
 @misc{dewey2015freddie, 
    title={Why didn’t \#FreddieGray trend on Twitter?}, 
    url={https://www.washingtonpost.com/news/the-intersect/wp/2015/04/27/why-didnt-freddiegray-trend-on-twitter/}, 
    journal={The Washington Post}, 
    publisher={WP Company}, 
    author={Dewey, Caitlin}, 
    year={2015}, 
    month={Apr}
 } 
 
  @misc{lotan2015freddie, 
    title={\#FreddieGray — is not trending on Twitter?}, 
    url={https://medium.com/i-data/freddiegray-is-not-trending-on-twitter-9e4550607a39}, 
    journal={Medium}, 
    publisher={Medium}, 
    author={Lotan, Gilad}, 
    year={2015}, 
    month={Apr}
 } 
 
 @book{tufekci2017twitter,
  title={Twitter and tear gas: The power and fragility of networked protest},
  author={Tufekci, Zeynep},
  year={2017},
  publisher={Yale University Press}
}

  @misc{tufecki2018democracy, 
    title={It's the (Democracy-Poisoning) Golden Age of Free Speech}, 
    url={https://www.wired.com/story/free-speech-issue-tech-turmoil-new-censorship/}, 
    journal={Wired}, 
    publisher={Wired}, 
    author={Tufekci, Zeynep}, 
    year={2018}, 
    month={Jan}
 } 
 @article{tufekci2017we,
  title={We’re building a dystopia just to make people click on ads},
  author={Tufekci, Zeynep},
  journal={TED: Ideas Worth Spreading, Sept},
  year={2017}
}

@article{tufekci2014online,
  title={Online social change: easy to organize, hard to win},
  author={Tufekci, Zeynep},
  journal={Official Transcript of TED Global},
  year={2014}
}
 
 %%% pizzagate results
 @article{kang2016washington,
  title={In Washington pizzeria attack, fake news brought real guns},
  author={Kang, Cecilia and Goldman, Adam},
  journal={New York Times},
  volume={5},
  year={2016}
}

%% echo chambers
@book{adibi2005proceedings,
  title={Proceedings of the 3rd international workshop on Link discovery},
  author={Adibi, Jafar},
  year={2005},
  publisher={ACM}
}

@article{bastian2009international,
  title={International AAAI Conference on Weblogs and Social Media},
  author={Bastian, M and Heymann, S and Jacomy, M},
  journal={Association for the Advancement of Artificial Intelligence},
  pages={361--362},
  year={2009}
}

@book{pariser2011filter,
  title={The filter bubble: What the Internet is hiding from you},
  author={Pariser, Eli},
  year={2011},
  publisher={Penguin UK}
}

@article{bozdag2015breaking,
  title={Breaking the filter bubble: democracy and design},
  author={Bozdag, Engin and van den Hoven, Jeroen},
  journal={Ethics and Information Technology},
  volume={17},
  number={4},
  pages={249--265},
  year={2015},
  publisher={Springer}
}
@article{hopp2020people,
  title={Why Do People Share Ideologically Extreme, False, and Misleading Content on Social Media? A Self-Report and Trace Data--Based Analysis of Countermedia Content Dissemination on Facebook and Twitter},
  author={Hopp, Toby and Ferrucci, Patrick and Vargo, Chris J},
  journal={Human Communication Research},
  year={2020}
}





%%%%% philosophy sources

@book{wright1997companion,
  title={A Companion to the Philosophy of Language},
  author={Wright, Crispin and Hale, Bob},
  year={1997},
  publisher={Blackwell}
}
@article{kant1908critique,
  title={Critique of pure reason. 1781},
  author={Kant, Immanuel},
  journal={Modern Classical Philosophers, Cambridge, MA: Houghton Mifflin},
  pages={370--456},
  year={1908}
}
@article{sloan2010aristotle,
  title={Aristotle’s nicomachean ethics as the original locus for the septem circumstantiae},
  author={Sloan, Michael C},
  journal={Classical Philology},
  volume={105},
  number={3},
  pages={236--251},
  year={2010},
  publisher={University of Chicago Press Chicago, IL}
}
@book{aquinas1952thomas,
  title={Thomas Aquinas II: The Summa Theologica: Great Books of the Western World},
  author={Aquinas, Thomas I},
  year={1952},
  publisher={Encyclopedia Britannica}
}
@article{kant1996metaphysics,
  title={The metaphysics of morals},
  author={Kant, Immanuel and Gregor, Mary},
  year={1996},
  publisher={M. Gregor (trans. and ed.). Cambridge: Cambridge University Press}
}
@article{quine1951main,
  title={Main trends in recent philosophy: Two dogmas of empiricism},
  author={Quine, Willard V},
  journal={The philosophical review},
  pages={20--43},
  year={1951},
  publisher={JSTOR}
}
@article{frege1988collected,
  title={Collected papers on mathematics, logic, and philosophy},
  author={Frege, Gottlob and McGuinness, Brian},
  year={1988}
}
@article{frege2003sense,
  title={On sense and reference},
  author={Frege, Gottlob},
  journal={oversatt av Max Black, i J. Guit{\'e}rrez-Rexach (red.): Semantics: Crictical concepts in linguistics},
  volume={1},
  pages={7--25},
  year={2003}
}
@book{waldron2012harm,
  title={The harm in hate speech},
  author={Waldron, Jeremy},
  year={2012},
  publisher={Harvard University Press}
}
@incollection{kripke1972naming,
  title={Naming and necessity},
  author={Kripke, Saul A},
  booktitle={Semantics of natural language},
  pages={253--355},
  year={1972},
  publisher={Springer}
}
@article{dunne1978voyage,
  title={The voyage of Mariner 10},
  author={Dunne, James A and Burgess, Eric},
  journal={National Aeronautics and Space Administration SP},
  volume={424},
  year={1978}
}
@misc{fbi2020portland, 
 url={https://www.fbi.gov/contact-us/field-offices/portland/news/press-releases/fbi-releases-statement-on-misinformation-related-to-wildfires},
 title={FBI Releases Statement on Misinformation Related to Wildfires},
 author={FBI},
 source={FBI.gov},
 year={2020},
 month={Sep},
 day={11}
}
@article{robinson2020oregon,
  title={Oregon wildfires: False Oregon fire rumours 'inundate' officers},
  author={Robinson, Olga},
  journal={BBC News},
  volume={12},
  year={2020}
}
@article{wilson2020oregon,
  title={Oregon Officials Warn False Antifa Rumors Waste Precious Resources For Fires},
  author={Wilson, Conrad and Haas, Ryan},
  journal={NPR},
  year={2020},
  month={Sep},
  day={13}
}



%%% people don't actually read what they share on twitter
@inproceedings{holmstrom2019we,
  title={Do we read what we share? analyzing the click dynamic of news articles shared on Twitter},
  author={Holmstr{\"o}m, Jesper and Jonsson, Daniel and Polbratt, Filip and Nilsson, Olav and Lundstr{\"o}m, Linnea and Ragnarsson, Sebastian and Forsberg, Anton and Andersson, Karl and Carlsson, Niklas},
  booktitle={Proceedings of the 2019 IEEE/ACM International Conference on Advances in Social Networks Analysis and Mining},
  pages={420--425},
  year={2019}
}

%%% facebook has 2.5 billion daily active users
 @misc{facebook2020q3, 
 title={Facebook Q3 2020 Earnings}, url={https://investor.fb.com/investor-events/event-details/2020/Facebook-Q3-2020-Earnings/default.aspx}, 
 journal={Facebook - Facebook Q3 2020 Earnings}, 
 author={Facebook}, 
 year={2020}, 
 month={Oct}
 } 
 @article{gehring2017novel,
  title={A novel approach to neural machine translation},
  author={Gehring, Jonas and Auli, Michael},
  journal={Facebook AI Research},
  year={2017}
}
@inproceedings{vaswani2017attention,
  title={Attention is all you need},
  author={Vaswani, Ashish and Shazeer, Noam and Parmar, Niki and Uszkoreit, Jakob and Jones, Llion and Gomez, Aidan N and Kaiser, {\L}ukasz and Polosukhin, Illia},
  booktitle={Advances in neural information processing systems},
  pages={5998--6008},
  year={2017}
}
 @article{kochkina2018pheme,
  title={Pheme dataset for rumour detection and veracity classification},
  author={Kochkina, Elena and Liakata, Maria and Zubiaga, Arkaitz},
  journal={figshare, Jun},
  year={2018}
}
 %%% 4 petabytes of data in 2014
 @inproceedings{bronson2015open,
  title={Open data challenges at Facebook},
  author={Bronson, Nathan and Lento, Thomas and Wiener, Janet L},
  booktitle={2015 IEEE 31st international conference on data engineering},
  pages={1516--1519},
  year={2015},
  organization={IEEE}
}

%%% Zuckerberg2018 testimony
@misc{energy2018facebook,
  title={Facebook: transparency and use of consumer data},
  author={Energy and Commerce Committee},
  year={2018},
  publisher={Retrieved from House of Representatives Energy \& Commerce Committee: https~…}
}

%% zuckerberg 2020 testimony
@misc{zuckerberg2020,
    title={Testimony of Mark Zuckerberg Facebook, Inc.}, 
    author={Hearing Before the United States House of Representatives Committee on the Judiciary Subcommittee on Antitrust, Commercial, and Administrative Law},
    year={2020}, 
    pages={5},
    testimony={Mark Zuckerberg}
}

%% Facebook Solutions
@article{smith2018designing,
  title={Designing new ways to give context to news stories},
  author={Smith, J and Leavitt, A and Jackson, G},
  journal={Facebook Newsroom. https://newsroom. fb. com/news/2018/04/inside-feed-article-context},
  year={2018}
}
@article{facebook2020fact, 
    title={How Our Fact-Checking Program Works}, url={https://www.facebook.com/journalismproject/programs/third-party-fact-checking/how-it-works}, 
    journal={How Facebook's Fact-Checking Program Works}, author={Facebook}, 
    year={2020}
} 
@misc{twitter2020verified,
    title={About verified accounts},
    howpublished={\url{https://help.twitter.com/en/managing-your-account/about-twitter-verified-accounts}},
    journal={Twitter Help Center},
    author={Twitter},
    year={2020}
}
@article{sumbaly2020using,
  title={Using AI to detect COVID-19 misinformation and exploitative content},
  author={Sumbaly, Roshan and Miller, Mahalia and Shah, Hardik and Xie, Yang and Culatana, Sean Chang and Khatkevich, Tim and Luo, Enming and Strauss, Emmanuel and Szilvasy, Gergely and Puri, Manika and Manadhata, Pratyusa and Graham, Benjamin and Douze, Matthjis and Yalniz, Zeki and Jegou, Herv\'e},
  journal={Facebook AI},
  url={https://ai.facebook.com/blog/using-ai-to-detect-covid-19-misinformation-and-exploitative-content/},
  year={2020}
}
@misc{owen2016clamping,
  title={Clamping down on viral fake news, Facebook partners with sites like Snopes and adds new user reporting},
  author={Owen, Laura H},
  year={2016},
  publisher={NiemanLab}
}

%%% credible violence
@article{facebook2020violence, 
    title={1. Violence and Incitement}, url={https://www.facebook.com/communitystandards/credible$\_$violence}, 
    journal={Facebook Community Standards},
    author={Facebook}, 
    year={2020}
} 

@article{rosenberg2017alex,
  title={Alex Jones Apologizes for Promoting ‘Pizzagate’Hoax},
  author={Rosenberg, Eli},
  journal={New York Times},
  year={2017}
}
@article{williamson2019alex,
  title={How Alex Jones and Infowars Helped a Florida Man Torment Sandy Hook Families},
  author={Williamson, Elizabeth},
  journal={New York Times},
  year={2019}
}

%%%%% backfire effects articles
@article{gollust2009polarizing,
  title={The polarizing effect of news media messages about the social determinants of health},
  author={Gollust, Sarah E and Lantz, Paula M and Ubel, Peter A},
  journal={American Journal of Public Health},
  volume={99},
  number={12},
  pages={2160--2167},
  year={2009},
  publisher={American Public Health Association}
}
%% People are unlikely to care if they believe the headline
@article{nyhan2010corrections,
  title={When corrections fail: The persistence of political misperceptions},
  author={Nyhan, Brendan and Reifler, Jason},
  journal={Political Behavior},
  volume={32},
  number={2},
  pages={303--330},
  year={2010},
  publisher={Springer}
}
@article{nyhan2013hazards,
  title={The hazards of correcting myths about health care reform},
  author={Nyhan, Brendan and Reifler, Jason and Ubel, Peter A},
  journal={Medical care},
  pages={127--132},
  year={2013},
  publisher={JSTOR}
}
@article{redlawsk2010affective,
  title={The affective tipping point: Do motivated reasoners ever “get it”?},
  author={Redlawsk, David P and Civettini, Andrew JW and Emmerson, Karen M},
  journal={Political Psychology},
  volume={31},
  number={4},
  pages={563--593},
  year={2010},
  publisher={Wiley Online Library}
}
@article{hart2012boomerang,
  title={Boomerang effects in science communication: How motivated reasoning and identity cues amplify opinion polarization about climate mitigation policies},
  author={Hart, P Sol and Nisbet, Erik C},
  journal={Communication research},
  volume={39},
  number={6},
  pages={701--723},
  year={2012},
  publisher={Sage Publications Sage CA: Los Angeles, CA}
}
@article{schaffner2016misinformation,
  title={Misinformation and motivated reasoning: Responses to economic news in a politicized environment},
  author={Schaffner, Brian F and Roche, Cameron},
  journal={Public Opinion Quarterly},
  volume={81},
  number={1},
  pages={86--110},
  year={2016},
  publisher={American Association for Public Opinion Research}
}
@article{ecker2014effects,
  title={The effects of subtle misinformation in news headlines.},
  author={Ecker, Ullrich KH and Lewandowsky, Stephan and Chang, Ee Pin and Pillai, Rekha},
  journal={Journal of experimental psychology: applied},
  volume={20},
  number={4},
  pages={323},
  year={2014},
  publisher={American Psychological Association}
}
@inproceedings{chesney2017incongruent,
  title={Incongruent headlines: Yet another way to mislead your readers},
  author={Chesney, Sophie and Liakata, Maria and Poesio, Massimo and Purver, Matthew},
  booktitle={Proceedings of the 2017 EMNLP Workshop: Natural Language Processing meets Journalism},
  pages={56--61},
  year={2017}
}
@article{bell1984good,
  title={'Good Copy-Bad News'. The Syntax and Semantics of News Editing},
  author={Bell, Allan},
  journal={Applied sociolinguistics},
  pages={73--116},
  year={1984},
  publisher={Academic Press London}
}
@article{molek2013towards,
  title={Towards a pragma-linguistic framework for the study of sensationalism in news headlines},
  author={Molek-Kozakowska, Katarzyna},
  journal={Discourse \& Communication},
  volume={7},
  number={2},
  pages={173--197},
  year={2013},
  publisher={Sage Publications Sage UK: London, England}
}
@article{kilgo2018new,
  title={A new sensation? An international exploration of sensationalism and social media recommendations in online news publications},
  author={Kilgo, Danielle K and Harlow, Summer and Garc{\'\i}a-Perdomo, V{\'\i}ctor and Salaverr{\'\i}a, Ram{\'o}n},
  journal={Journalism},
  volume={19},
  number={11},
  pages={1497--1516},
  year={2018},
  publisher={SAGE Publications Sage UK: London, England}
}
@article{vettehen2008explaining,
  title={Explaining effects of sensationalism on liking of television news stories: The role of emotional arousal},
  author={Vettehen, Paul Hendriks and Nuijten, Koos and Peeters, Allerd},
  journal={Communication Research},
  volume={35},
  number={3},
  pages={319--338},
  year={2008},
  publisher={Sage Publications Sage CA: Los Angeles, CA}
}

%%% Catching tabloid style headlines
@inproceedings{chen2015misleading,
  title={Misleading online content: recognizing clickbait as" false news"},
  author={Chen, Yimin and Conroy, Niall J and Rubin, Victoria L},
  booktitle={Proceedings of the 2015 ACM on workshop on multimodal deception detection},
  pages={15--19},
  year={2015}
}
@inproceedings{chakraborty2016stop,
  title={Stop clickbait: Detecting and preventing clickbaits in online news media},
  author={Chakraborty, Abhijnan and Paranjape, Bhargavi and Kakarla, Sourya and Ganguly, Niloy},
  booktitle={2016 ieee/acm international conference on advances in social networks analysis and mining (asonam)},
  pages={9--16},
  year={2016},
  organization={IEEE}
}

@article{lord1979biased,
  title={Biased assimilation and attitude polarization: The effects of prior theories on subsequently considered evidence.},
  author={Lord, Charles G and Ross, Lee and Lepper, Mark R},
  journal={Journal of personality and social psychology},
  volume={37},
  number={11},
  pages={2098},
  year={1979},
  publisher={American Psychological Association}
}
@article{edwards1996disconfirmation,
  title={A disconfirmation bias in the evaluation of arguments.},
  author={Edwards, Kari and Smith, Edward E},
  journal={Journal of Personality and Social Psychology},
  volume={71},
  number={1},
  pages={5},
  year={1996},
  publisher={American Psychological Association}
}
@article{redlawsk2002hot,
  title={Hot cognition or cool consideration? Testing the effects of motivated reasoning on political decision making},
  author={Redlawsk, David P},
  journal={The Journal of Politics},
  volume={64},
  number={4},
  pages={1021--1044},
  year={2002},
  publisher={Blackwell Publishing, Inc.}
}
@article{taber2006motivated,
  title={Motivated skepticism in the evaluation of political beliefs},
  author={Taber, Charles S and Lodge, Milton},
  journal={American journal of political science},
  volume={50},
  number={3},
  pages={755--769},
  year={2006},
  publisher={Wiley Online Library}
}
%%%%%%%
%%%% Partisans will view the same article as being biased:

@article{arpan2003experimental,
  title={An experimental investigation of news source and the hostile media effect},
  author={Arpan, Laura M and Raney, Arthur A},
  journal={Journalism \& Mass Communication Quarterly},
  volume={80},
  number={2},
  pages={265--281},
  year={2003},
  publisher={SAGE Publications Sage CA: Los Angeles, CA}
}
@article{baum2008eye,
  title={In the eye of the beholder: How information shortcuts shape individual perceptions of bias in the media},
  author={Baum, Matthew A and Gussin, Phil and others},
  journal={Quarterly Journal of political science},
  volume={3},
  number={1},
  pages={1--31},
  year={2008},
  publisher={Now Publishers, Inc.}
}
@article{christen2002hostile,
  title={Hostile media perceptions: Partisan assessments of press and public during the 1997 United Parcel Service strike},
  author={Christen, Cindy T and Kannaovakun, Prathana and Gunther, Albert C},
  journal={Political Communication},
  volume={19},
  number={4},
  pages={423--436},
  year={2002},
  publisher={Taylor \& Francis}
}
@article{gunther2001predicting,
  title={Predicting pluralistic ignorance: The hostile media perception and its consequences},
  author={Gunther, Albert C and Chia, Stella Chih-Yun},
  journal={Journalism \& Mass Communication Quarterly},
  volume={78},
  number={4},
  pages={688--701},
  year={2001},
  publisher={SAGE Publications Sage CA: Los Angeles, CA}
}
@article{gunther2004mapping,
  title={Mapping boundaries of the hostile media effect},
  author={Gunther, Albert C and Schmitt, Kathleen},
  journal={Journal of Communication},
  volume={54},
  number={1},
  pages={55--70},
  year={2004},
  publisher={Wiley Online Library}
}
@techreport{baum2004issue,
  title={Issue bias: How issue coverage and media bias affect voter perceptions of elections},
  author={Baum, Matthew A and Gussin, Phil},
  year={2004},
  institution={Citeseer}
}
@inproceedings{gussin2004eye,
  title={In the eye of the beholder: An experimental investigation into the foundations of the hostile media phenomenon},
  author={Gussin, Phil and Baum, Matthew A},
  booktitle={meeting of the American Political Science Association, Chicago, IL},
  year={2004}
}
@article{lee2005liberal,
  title={The liberal media myth revisited: An examination of factors influencing perceptions of media bias},
  author={Lee, Tien-Tsung},
  journal={Journal of Broadcasting \& Electronic Media},
  volume={49},
  number={1},
  pages={43--64},
  year={2005},
  publisher={Taylor \& Francis}
}
@article{vallone1985hostile,
  title={The hostile media phenomenon: biased perception and perceptions of media bias in coverage of the Beirut massacre.},
  author={Vallone, Robert P and Ross, Lee and Lepper, Mark R},
  journal={Journal of personality and social psychology},
  volume={49},
  number={3},
  pages={577},
  year={1985},
  publisher={American Psychological Association}
}
@misc{crace2016accuracy,
  title={'Accuracy is for snake-oil pussies': Vote Leave's campaign director defies MPs},
  author={Crace, John},
  year={2016},
  month = {Apr},
  day = {20},
  publisher={The Guardian}
}


%%%%%%%%
@article{flynn2017nature,
  title={The nature and origins of misperceptions: Understanding false and unsupported beliefs about politics},
  author={Flynn, DJ and Nyhan, Brendan and Reifler, Jason},
  journal={Political Psychology},
  volume={38},
  pages={127--150},
  year={2017},
  publisher={Wiley Online Library}
}

%% Even if you correct the information immediately, it doesn't matter. focus on user instead of tweet
@article{thorson2016belief,
  title={Belief echoes: The persistent effects of corrected misinformation},
  author={Thorson, Emily},
  journal={Political Communication},
  volume={33},
  number={3},
  pages={460--480},
  year={2016},
  publisher={Taylor \& Francis}
}

%%% changing misperceptions about immigrants doesn't do anything
@inproceedings{sides2007large,
  title={How large the huddled masses? The causes and consequences of public misperceptions about immigrant populations},
  author={Sides, John and Citrin, Jack},
  booktitle={annual meeting of the Midwest Political Science Association, Chicago, IL},
  year={2007}
}

%%% Bullock Thesis
@phdthesis{bullock2007experiments,
author={Bullock,John G.},
year={2007},
title={Experiments on partisanship and public opinion: Party cues, false beliefs, and Bayesian updating},
journal={ProQuest Dissertations and Theses},
pages={145},
keywords={Social sciences; Bayesian updating; Cues; False beliefs; Misinformation; Partisanship; Public opinion; Political science; Bayesian analysis; Political parties; 0615:Political science},
isbn={978-0-549-06156-4},
language={English},
url={http://turing.library.northwestern.edu/login?url=https://www-proquest-com.turing.library.northwestern.edu/dissertations-theses/experiments-on-partisanship-public-opinion-party/docview/304810798/se-2?accountid=12861},
}

@phdthesis{liu2019early,
author={Liu, Yang},
year={2019},
title={Early detection of fake news on social media},
journal={Digital Commons @ NJIT},
pages={141},
language={English},
publisher={New Jersey Institute of Technology},
}
@inproceedings{huang2019deep,
author = {Huang, Qi and Zhou, Chuan and Wu, Jia and Wang, Mingwen and Wang, Bin},
year = {2019},
month = {07},
pages = {1-8},
title = {Deep Structure Learning for Rumor Detection on Twitter},
doi = {10.1109/IJCNN.2019.8852468}
}
%%% Set of people saying that who you're connected to matters.
@article{bollinger2012peer,
  title={Peer effects in the diffusion of solar photovoltaic panels},
  author={Bollinger, Bryan and Gillingham, Kenneth},
  journal={Marketing Science},
  volume={31},
  number={6},
  pages={900--912},
  year={2012},
  publisher={INFORMS}
}
@article{bond201261,
  title={A 61-million-person experiment in social influence and political mobilization},
  author={Bond, Robert M and Fariss, Christopher J and Jones, Jason J and Kramer, Adam DI and Marlow, Cameron and Settle, Jaime E and Fowler, James H},
  journal={Nature},
  volume={489},
  number={7415},
  pages={295--298},
  year={2012},
  publisher={Nature Publishing Group}
}
@article{gerber2008social,
  title={Social pressure and voter turnout: Evidence from a large-scale field experiment},
  author={Gerber, Alan S and Green, Donald P and Larimer, Christopher W},
  journal={American political Science review},
  pages={33--48},
  year={2008},
  publisher={JSTOR}
}
@article{gerber2009descriptive,
  title={Descriptive social norms and motivation to vote: Everybody's voting and so should you},
  author={Gerber, Alan S and Rogers, Todd},
  journal={The Journal of Politics},
  volume={71},
  number={1},
  pages={178--191},
  year={2009},
  publisher={Cambridge University Press New York, USA}
}
@techreport{kast2012under,
  title={Under-savers anonymous: Evidence on self-help groups and peer pressure as a savings commitment device},
  author={Kast, Felipe and Meier, Stephan and Pomeranz, Dina},
  year={2012},
  institution={National Bureau of Economic Research}
}
@article{meer2011brother,
  title={Brother, can you spare a dime? Peer pressure in charitable solicitation},
  author={Meer, Jonathan},
  journal={Journal of public economics},
  volume={95},
  number={7-8},
  pages={926--941},
  year={2011},
  publisher={Elsevier}
}
@article{paluck2011peer,
  title={Peer pressure against prejudice: A high school field experiment examining social network change},
  author={Paluck, Elizabeth Levy},
  journal={Journal of Experimental Social Psychology},
  volume={47},
  number={2},
  pages={350--358},
  year={2011},
  publisher={Elsevier}
}
@article{paluck2012salience,
  title={The salience of social referents: A field experiment on collective norms and harassment behavior in a school social network.},
  author={Paluck, Elizabeth Levy and Shepherd, Hana},
  journal={Journal of personality and social psychology},
  volume={103},
  number={6},
  pages={899},
  year={2012},
  publisher={American Psychological Association}
}
@article{del2016spreading,
  title={The spreading of misinformation online},
  author={Del Vicario, Michela and Bessi, Alessandro and Zollo, Fabiana and Petroni, Fabio and Scala, Antonio and Caldarelli, Guido and Stanley, H Eugene and Quattrociocchi, Walter},
  journal={Proceedings of the National Academy of Sciences},
  volume={113},
  number={3},
  pages={554--559},
  year={2016},
  publisher={National Acad Sciences}
}
@inproceedings{bessi2015viral,
  title={Viral misinformation: The role of homophily and polarization},
  author={Bessi, Alessandro and Petroni, Fabio and Del Vicario, Michela and Zollo, Fabiana and Anagnostopoulos, Aris and Scala, Antonio and Caldarelli, Guido and Quattrociocchi, Walter},
  booktitle={Proceedings of the 24th International Conference on World Wide Web},
  pages={355--356},
  year={2015}
}

%%% People only care about "who" said it.
@article{swire2017processing,
  title={Processing political misinformation: comprehending the Trump phenomenon},
  author={Swire, Briony and Berinsky, Adam J and Lewandowsky, Stephan and Ecker, Ullrich KH},
  journal={Royal Society open science},
  volume={4},
  number={3},
  pages={160802},
  year={2017},
  publisher={The Royal Society Publishing}
}

%%% first thing people do is decide if they like the person
@article{housholder2014facebook,
  title={Facebook politics: Toward a process model for achieving political source credibility through social media},
  author={Housholder, Elizabeth E and LaMarre, Heather L},
  journal={Journal of Information Technology \& Politics},
  volume={11},
  number={4},
  pages={368--382},
  year={2014},
  publisher={Taylor \& Francis}
}

%% People still don't believe Obama's birth certificate
@article{nyhan2012new,
  title={“New Surveys Show the Persistence of Misperceptions},
  author={Nyhan, Brendan},
  journal={Huffington Post Pollster, July},
  volume={30},
  pages={2012},
  year={2012}
}

%% People will resist fact checking from outside of their community
@article{garrett2013undermining,
  title={Undermining the corrective effects of media-based political fact checking? The role of contextual cues and na{\"\i}ve theory},
  author={Garrett, R Kelly and Nisbet, Erik C and Lynch, Emily K},
  journal={Journal of Communication},
  volume={63},
  number={4},
  pages={617--637},
  year={2013},
  publisher={Oxford University Press}
}

%%% People struggle to change their minds after they have an idea
@article{cobb2013beliefs,
  title={Beliefs don't always persevere: How political figures are punished when positive information about them is discredited},
  author={Cobb, Michael D and Nyhan, Brendan and Reifler, Jason},
  journal={Political Psychology},
  volume={34},
  number={3},
  pages={307--326},
  year={2013},
  publisher={Wiley Online Library}
}
 

%%%% news organizations upset at being fact checked:
@article{Dreyfuss2020Now,
  title={Now We Know Facebook Made Changes to Show You Less News From Mother Jones},
  author={Dreyfuss, Ben},
  journal={Mother Jones},
  year={2020}
}
@article{Post2020Facebook,
  title={Facebook censors The Post to help Joe Biden’s 2020 campaign},
  author={Editorial },
  journal={The New York Post},
  year={2020}
}
@article{Millhiser2018Facebook,
  title={Facebook’s idea of ‘fact-checking’: Censoring ThinkProgress because conservative site told them to},
  author={Millhiser, Ian},
  journal={Think Progress},
  year={2018}
}



%%% ThinkProgress vs. WeeklyStandard
@article{owen2018with,
  title={With liberal and conservative outlets fighting, Facebook’s fact-checking program shows more cracks},
  author={Owen, Laura Hazard},
  journal={Nieman Lab},
  year={2018}
}
@article{lybrand2018kavanaugh,
  title={Fact Check: Has Brett Kavanaugh 'Stated He'd Overturn' Roe v. Wade?},
  author={Lybrand, Holmes},
  journal={The Weekly Standard},
  year={2018},
  month={Sep},
  day={10}
}
@article{millhiser2018brett,
  title={Brett Kavanaugh said he would kill Roe v. Wade last week and almost no one noticed},
  author={Millhiser, Ian},
  journal={Mother Jones},
  year={2018}
}
@article{legum2008context,
title={Ah, Context},
author={Legum, Judd},
journal={Think Progress},
year={2008},
month={May},
day={20}
}
@article{volsky2016biden,
title={No, Joe Biden Didn’t Say That The Senate Should Block Supreme Court Nominees During An Election Year},
author={Volsky, Igor},
journal={Think Progress},
year={2016},
month={Feb},
day={22}
}
@article{israel2018rnc,
title={RNC spokesperson says Comey is a total liar, but his book exonerates Trump},
author={Israel, Josh},
journal={Think Progress},
year={2018},
month={Apr},
day={13}
}
@article{lerner2015cruz,
title={Ted Cruz Misquotes Intelligence Director To Discredit Plan To Take In Syrian Refugees},
author={Lerner, Kira},
journal={Think Progress},
year={2015},
month={Oct},
day={16}
}
@article{gore2018kavanaugh,
  title={Kavanaugh Files: Abortion Rights},
  author={Gore, D'Angelo},
  journal={FactCheck.org},
  year={2018}
}
@article{tobias2018kavanaugh,
  title={Did Brett Kavanaugh call birth control abortion-inducing drugs? No},
  author={Tobias, Manuela},
  journal={Politifact.com},
  year={2018},
  month={Sep},
  day={11}
}
@article{albright2016election2016,
  title={The\# Election2016 micro-propaganda machine},
  author={Albright, Jonathan},
  journal={Jonathan Albright},
  year={2016}
}
@article{carion2020end,
  title={End-to-End Object Detection with Transformers},
  author={Carion, Nicolas and Massa, Francisco and Synnaeve, Gabriel and Usunier, Nicolas and Kirillov, Alexander and Zagoruyko, Sergey},
  journal={arXiv preprint arXiv:2005.12872},
  year={2020}
}
@article{kalinovskii2015compact,
  title={Compact convolutional neural network cascade for face detection},
  author={Kalinovskii, Ilya and Spitsyn, Vladimir},
  journal={arXiv preprint arXiv:1508.01292},
  year={2015}
}
@misc{larimore2018tweet, 
 url={https://twitter.com/RachaelBL/status/1039603546990288897},
 author={Larimore, Rachael},
 source={twitter},
 year={2018},
 month={Sep},
 day={11}
}
@misc{judiciarytweet2020, 
 url={https://twitter.com/JudiciaryGOP/status/1318963845076029441},
 author={House Judiciary GOP},
 source={twitter},
 year={2020},
 month={Oct},
 day={21}
}
@misc{beutler2018tweet, 
 url={https://twitter.com/brianbeutler/status/1039572194983063554},
 author={Beutler, Brian},
 source={twitter},
 year={2018},
 month={Sep},
 day={11}
}
@misc{grim2018tweet, 
 url={https://twitter.com/ryangrim/status/1039569319888338945},
 author={Grim, Ryan},
 source={twitter},
 year={2020},
 month={Sep},
 day={11}
}
@misc{froomkin2018tweet, 
 url={https://twitter.com/froomkin/status/1039568834712231937},
 author={Froomkin, Dan},
 source={twitter},
 year={2020},
 month={Sep},
 day={11}
}
@misc{legum2018tweet, 
 url={https://twitter.com/JuddLegum/status/1039322620121022464},
 author={Legum, Judd},
 source={twitter},
 year={2020},
 month={Sep},
 day={10}
}
@misc{onion2016tweet, 
 url={https://twitter.com/theonion/status/693139276708585472},
 author={The Onion},
 source={twitter},
 year={2016},
 month={Jan},
 day={26}
}
@misc{kirk2020tweet, 
 url={https://twitter.com/charliekirk11/status/1257443868695498755},
 author={Kirk, Charlie},
 source={twitter},
 year={2020},
 month={May},
 day={4}
}
@misc{sanders2020tweet, 
 url={https://twitter.com/berniesanders/status/1316076378983456768},
 author={Sanders, Bernie},
 source={twitter},
 year={2020},
 month={Oct},
 day={13}
}
@misc{espn2016tweet, 
 url={https://twitter.com/espn/status/767218194385866752},
 author={ESPN},
 source={twitter},
 year={2016},
 month={Aug},
 day={20}
}
@misc{bbc2016tweet, 
 url={https://twitter.com/bbcbreaking/status/689208632148365314},
 author={BBC Breaking News},
 source={twitter},
 year={2016},
 month={Jan},
 day={18}
}
@misc{dailymail2015tweet, 
 url={https://twitter.com/MailOnline/status/552793551231541249},
 author={Daily Mail},
 source={twitter},
 year={2015},
 month={Jan},
 day={7}
}

%%%% folks are leaving facebook's fact check
@misc{green2019message,
  title={A Message to Our Community Regarding the Facebook Fact-Checking Partnership},
  author={Green, Vinny and Mikkelson, David},
  url = {https://www.snopes.com/2019/02/01/snopes-fb-partnership-ends/},
  year={2019},
  publisher={Snopes}
}
@misc{coldeway2019update,
  title={UPDATE: Snopes quits and AP in talks over Facebook’s fact-checking partnership},
  author={Coldeway, Devin},
  url = {https://techcrunch.com/2019/02/01/snopes-and-ap-leave-facebook-fact-checking-partnership/},
  year={2019},
  publisher={TechCrunch}
}

@misc{perez2020facebook,
  title={Facebook blocks hashtags for \#sharpiegate, \#stopthesteal election conspiracies},
  author={Perez, Sarah and Hatmaker, Taylor},
  url = {https://techcrunch.com/2020/11/05/facebook-blocks-sharpiegate-hashtag-election-conspiracies/},
  year={2020},
  month={11},
  day={5},
  publisher={TechCrunch}
}

%%% scale-free
@article{barabasi2009scale,
  title={Scale-free networks: a decade and beyond},
  author={Barab{\'a}si, Albert-L{\'a}szl{\'o}},
  journal={science},
  volume={325},
  number={5939},
  pages={412--413},
  year={2009},
  publisher={American Association for the Advancement of Science}
}
@article{ravasz2003hierarchical,
  title={Hierarchical organization in complex networks},
  author={Ravasz, Erzs{\'e}bet and Barab{\'a}si, Albert-L{\'a}szl{\'o}},
  journal={Physical review E},
  volume={67},
  number={2},
  pages={026112},
  year={2003},
  publisher={APS}
}
@article{dorogovtsev2008critical,
  title={Critical phenomena in complex networks},
  author={Dorogovtsev, Sergey N and Goltsev, Alexander V and Mendes, Jos{\'e} FF},
  journal={Reviews of Modern Physics},
  volume={80},
  number={4},
  pages={1275},
  year={2008},
  publisher={APS}
}
@article{dorogovtsev2002pseudofractal,
  title={Pseudofractal scale-free web},
  author={Dorogovtsev, Sergey N and Goltsev, Alexander V and Mendes, Jos{\'e} Ferreira F},
  journal={Physical review E},
  volume={65},
  number={6},
  pages={066122},
  year={2002},
  publisher={APS}
}
@article{amaral2000classes,
  title={Classes of small-world networks},
  author={Amaral, Lu{\i}s A Nunes and Scala, Antonio and Barthelemy, Marc and Stanley, H Eugene},
  journal={Proceedings of the national academy of sciences},
  volume={97},
  number={21},
  pages={11149--11152},
  year={2000},
  publisher={National Acad Sciences}
}
@article{albert2000topology,
  title={Topology of evolving networks: local events and universality},
  author={Albert, R{\'e}ka and Barab{\'a}si, Albert-L{\'a}szl{\'o}},
  journal={Physical review letters},
  volume={85},
  number={24},
  pages={5234},
  year={2000},
  publisher={APS}
}
@article{dezsHo2002halting,
  title={Halting viruses in scale-free networks},
  author={Dezs{\H{o}}, Zolt{\'a}n and Barab{\'a}si, Albert-L{\'a}szl{\'o}},
  journal={Physical Review E},
  volume={65},
  number={5},
  pages={055103},
  year={2002},
  publisher={APS}
}
@article{barabasi1999emergence,
  title={Emergence of scaling in random networks},
  author={Barab{\'a}si, Albert-L{\'a}szl{\'o} and Albert, R{\'e}ka},
  journal={science},
  volume={286},
  number={5439},
  pages={509--512},
  year={1999},
  publisher={American Association for the Advancement of Science}
}
@article{sole2001small,
  title={The small world of human language.},
  author={Sol{\'e}, Ricard V and others},
  journal={Proceedings. Biological Sciences},
  volume={268},
  number={1482},
  pages={2261--2265},
  year={2001}
}
@article{yook2002modeling,
  title={Modeling the Internet's large-scale topology},
  author={Yook, Soon-Hyung and Jeong, Hawoong and Barab{\'a}si, Albert-L{\'a}szl{\'o}},
  journal={Proceedings of the National Academy of Sciences},
  volume={99},
  number={21},
  pages={13382--13386},
  year={2002},
  publisher={National Acad Sciences}
}
@article{sigman2002global,
  title={Global organization of the Wordnet lexicon},
  author={Sigman, Mariano and Cecchi, Guillermo A},
  journal={Proceedings of the National Academy of Sciences},
  volume={99},
  number={3},
  pages={1742--1747},
  year={2002},
  publisher={National Acad Sciences}
}
@article{dorogovtsev2001language,
  title={Language as an evolving word web},
  author={Dorogovtsev, Sergey N and Mendes, Jos{\'e} Fernando F},
  journal={Proceedings of the Royal Society of London. Series B: Biological Sciences},
  volume={268},
  number={1485},
  pages={2603--2606},
  year={2001},
  publisher={The Royal Society}
}
@article{aparicio2015model,
  title={A model for scale-free networks: application to twitter},
  author={Aparicio, Sof{\'\i}a and Villaz{\'o}n-Terrazas, Javier and {\'A}lvarez, Gonzalo},
  journal={Entropy},
  volume={17},
  number={8},
  pages={5848--5867},
  year={2015},
  publisher={Multidisciplinary Digital Publishing Institute}
}
@article{broido2019scale,
  title={Scale-free networks are rare},
  author={Broido, Anna D and Clauset, Aaron},
  journal={Nature communications},
  volume={10},
  number={1},
  pages={1--10},
  year={2019},
  publisher={Nature Publishing Group}
}
@article{dorogovtsev2002evolution,
  title={Evolution of networks},
  author={Dorogovtsev, Sergey N and Mendes, Jose FF},
  journal={Advances in physics},
  volume={51},
  number={4},
  pages={1079--1187},
  year={2002},
  publisher={Taylor \& Francis}
}
@inproceedings{mislove2007measurement,
  title={Measurement and analysis of online social networks},
  author={Mislove, Alan and Marcon, Massimiliano and Gummadi, Krishna P and Druschel, Peter and Bhattacharjee, Bobby},
  booktitle={Proceedings of the 7th ACM SIGCOMM conference on Internet measurement},
  pages={29--42},
  year={2007}
}
@article{ichinose2017invasion,
  title={Invasion of cooperation in scale-free networks: accumulated versus average payoffs},
  author={Ichinose, Genki and Sayama, Hiroki},
  journal={Artificial Life},
  volume={23},
  number={1},
  pages={25--33},
  year={2017},
  publisher={MIT Press}
}
@article{zhang2015exactly,
  title={Exactly scale-free scale-free networks},
  author={Zhang, Linjun and Small, Michael and Judd, Kevin},
  journal={Physica A: Statistical Mechanics and its Applications},
  volume={433},
  pages={182--197},
  year={2015},
  publisher={Elsevier}
}
@article{pastor2002epidemic,
  title={Epidemic dynamics in finite size scale-free networks},
  author={Pastor-Satorras, Romualdo and Vespignani, Alessandro},
  journal={Physical Review E},
  volume={65},
  number={3},
  pages={035108},
  year={2002},
  publisher={APS}
}
@article{pastor2001dynamics,
  title={Epidemic dynamics and endemic states in complex networks},
  author={Pastor-Satorras, Romualdo and Vespignani, Alessandro},
  journal={Physical Review E},
  volume={63},
  number={6},
  pages={066117},
  year={2001},
  publisher={APS}
}
@article{pastor2002immunization,
  title={Immunization of complex networks},
  author={Pastor-Satorras, Romualdo and Vespignani, Alessandro},
  journal={Physical review E},
  volume={65},
  number={3},
  pages={036104},
  year={2002},
  publisher={APS}
}
@article{kephart1993computers,
  title={Computers and epidemiology},
  author={Kephart, Jeffrey O and White, Steve R and Chess, David M},
  journal={IEEE spectrum},
  volume={30},
  number={5},
  pages={20--26},
  year={1993},
  publisher={IEEE}
}
@book{anderson1992infectious,
  title={Infectious diseases of humans: dynamics and control},
  author={Anderson, Roy M and May, Robert M},
  year={1992},
  publisher={Oxford university press}
}
@article{may1984spatial,
  title={Spatial heterogeneity and the design of immunization programs},
  author={May, Robert M and Anderson, Roy M},
  journal={Mathematical Biosciences},
  volume={72},
  number={1},
  pages={83--111},
  year={1984},
  publisher={Elsevier}
}
@article{lloyd2001viruses,
  title={How viruses spread among computers and people},
  author={Lloyd, Alun L and May, Robert M},
  journal={Science},
  volume={292},
  number={5520},
  pages={1316--1317},
  year={2001},
  publisher={American Association for the Advancement of Science}
}
@book{diekmann2000mathematical,
  title={Mathematical epidemiology of infectious diseases: model building, analysis and interpretation},
  author={Diekmann, Odo and Heesterbeek, Johan Andre Peter},
  volume={5},
  year={2000},
  publisher={John Wiley \& Sons}
}
@article{pastor2015epidemic,
  title={Epidemic processes in complex networks},
  author={Pastor-Satorras, Romualdo and Castellano, Claudio and Van Mieghem, Piet and Vespignani, Alessandro},
  journal={Reviews of modern physics},
  volume={87},
  number={3},
  pages={925},
  year={2015},
  publisher={APS}
}
@article{barabasi2000scale,
  title={Scale-free characteristics of random networks: the topology of the world-wide web},
  author={Barab{\'a}si, Albert-L{\'a}szl{\'o} and Albert, R{\'e}ka and Jeong, Hawoong},
  journal={Physica A: statistical mechanics and its applications},
  volume={281},
  number={1-4},
  pages={69--77},
  year={2000},
  publisher={Elsevier}
}

%%% your friends have more friends than you do
@article{feld1991your,
  title={Why your friends have more friends than you do},
  author={Feld, Scott L},
  journal={American Journal of Sociology},
  volume={96},
  number={6},
  pages={1464--1477},
  year={1991},
  publisher={University of Chicago Press}
}
@article{newman2003ego,
  title={Ego-centered networks and the ripple effect},
  author={Newman, Mark EJ},
  journal={Social Networks},
  volume={25},
  number={1},
  pages={83--95},
  year={2003},
  publisher={Elsevier}
}
@article{erdHos1960evolution,
  title={On the evolution of random graphs},
  author={Erd{\H{o}}s, Paul and R{\'e}nyi, Alfr{\'e}d},
  journal={Publ. Math. Inst. Hung. Acad. Sci},
  volume={5},
  number={1},
  pages={17--60},
  year={1960}
}
@article{watts1998collective,
  title={Collective dynamics of ‘small-world’networks},
  author={Watts, Duncan J and Strogatz, Steven H},
  journal={nature},
  volume={393},
  number={6684},
  pages={440--442},
  year={1998},
  publisher={Nature Publishing Group}
}

%%%% censorship game theory
@article{dotsenko2013censorship,
  title={Censorship game in optimal choice problem},
  author={Dotsenko, SI and Marynych, OV},
  journal={Cybernetics and Systems Analysis},
  volume={49},
  number={5},
  pages={749--755},
  year={2013},
  publisher={Springer}
}

%%%%%
@misc{mostrom2020longitudinal,
  title={Longitudinal study of links, linkshorteners, and Bitly usage on Twitter},
  author={Mostr{\"o}m, Mathilda and Edberg, Alexander},
  year={2020}
}

%%% share and not read
@inproceedings{gabielkov2016social,
  title={Social clicks: What and who gets read on Twitter?},
  author={Gabielkov, Maksym and Ramachandran, Arthi and Chaintreau, Augustin and Legout, Arnaud},
  booktitle={Proceedings of the 2016 ACM SIGMETRICS international conference on measurement and modeling of computer science},
  pages={179--192},
  year={2016}
}

%%% people are happy to fact check people they disagree with
@article{shin2017partisan,
  title={Partisan selective sharing: The biased diffusion of fact-checking messages on social media},
  author={Shin, Jieun and Thorson, Kjerstin},
  journal={Journal of Communication},
  volume={67},
  number={2},
  pages={233--255},
  year={2017},
  publisher={Oxford University Press}
}


%%% Twitter has started asking people if they read the article before posting
 @misc{reuters2020article, 
 title={Fact check: Twitter’s ‘read before you retweet’ warnings do not just target conservative articles}, url={https://www.reuters.com/article/uk-factcheck-twitter-warning-conservativ/fact-check-twitters-read-before-you-retweet-warnings-do-not-just-target-conservative-articles-idUSKBN2781UK}, 
 journal={Reuters}, 
 author={Reuters}, 
 year={2020}, 
 month={Oct}
 } 
 @misc{mention2018twitter, 
 title={2018 Twitter Report}, url={https://mention.com/en/reports/twitter/engagement/\#1}, 
 journal={Mention}, 
 author={Mention}, 
 year={2018}, 
 } 
 
 
 %%%.... people did not like that
 @misc{Judiciary2020Tweet, 
 url={https://twitter.com/JudiciaryGOP/status/1318963845076029441},
 author={House Judiciary Republicans},
 source={twitter},
 year={2020},
 month={Oct},
 day={21}
}
@misc{reuters2020trump, 
 title={Fact check: Trump’s parents photoshopped wearing KKK robes}, 
 url={https://www.reuters.com/article/uk-factcheck-trump-parents-klan-robes/fact-check-trumps-parents-photoshopped-wearing-kkk-robes-idUSKBN23J2AE}, 
 journal={Reuters}, 
 author={Reuters}, 
 year={2020}, 
 month={Jun}
 } 
@article{albert1999diameter,
  title={Diameter of the world-wide web},
  author={Albert, R{\'e}ka and Jeong, Hawoong and Barab{\'a}si, Albert-L{\'a}szl{\'o}},
  journal={nature},
  volume={401},
  number={6749},
  pages={130--131},
  year={1999},
  publisher={Nature Publishing Group}
}

%% small world network
@article{barthelemy1999small,
  title={Small-world networks: Evidence for a crossover picture},
  author={Barth{\'e}l{\'e}my, Marc and Amaral, Luis A Nunes},
  journal={Physical Review Letters},
  volume={82},
  number={15},
  pages={3180},
  year={1999},
  publisher={APS}
}

%% this is for the argument that you can knock out a few nodes and get rid of all of it
@article{cohen2003efficient,
  title={Efficient immunization strategies for computer networks and populations},
  author={Cohen, Reuven and Havlin, Shlomo and Ben-Avraham, Daniel},
  journal={Physical review letters},
  volume={91},
  number={24},
  pages={247901},
  year={2003},
  publisher={APS}
}
@article{strogatz2001exploring,
  title={Exploring complex networks},
  author={Strogatz, Steven H},
  journal={nature},
  volume={410},
  number={6825},
  pages={268--276},
  year={2001},
  publisher={Nature Publishing Group}
}
@article{albert2002statistical,
  title={Statistical mechanics of complex networks},
  author={Albert, R{\'e}ka and Barab{\'a}si, Albert-L{\'a}szl{\'o}},
  journal={Reviews of modern physics},
  volume={74},
  number={1},
  pages={47},
  year={2002},
  publisher={APS}
}


@article{albert2000error,
  title={Error and attack tolerance of complex networks},
  author={Albert, R{\'e}ka and Jeong, Hawoong and Barab{\'a}si, Albert-L{\'a}szl{\'o}},
  journal={nature},
  volume={406},
  number={6794},
  pages={378--382},
  year={2000},
  publisher={Nature Publishing Group}
}
@article{callaway2000network,
  title={Network robustness and fragility: Percolation on random graphs},
  author={Callaway, Duncan S and Newman, Mark EJ and Strogatz, Steven H and Watts, Duncan J},
  journal={Physical review letters},
  volume={85},
  number={25},
  pages={5468},
  year={2000},
  publisher={APS}
}
@article{newman2002random,
  title={Random graph models of social networks},
  author={Newman, Mark EJ and Watts, Duncan J and Strogatz, Steven H},
  journal={Proceedings of the national academy of sciences},
  volume={99},
  number={suppl 1},
  pages={2566--2572},
  year={2002},
  publisher={National Acad Sciences}
}
@article{cohen2000resilience,
  title={Resilience of the internet to random breakdowns},
  author={Cohen, Reuven and Erez, Keren and Ben-Avraham, Daniel and Havlin, Shlomo},
  journal={Physical review letters},
  volume={85},
  number={21},
  pages={4626},
  year={2000},
  publisher={APS}
}

@article{cohen2001breakdown,
  title={Breakdown of the internet under intentional attack},
  author={Cohen, Reuven and Erez, Keren and Ben-Avraham, Daniel and Havlin, Shlomo},
  journal={Physical review letters},
  volume={86},
  number={16},
  pages={3682},
  year={2001},
  publisher={APS}
}

%%% Track people's reporting scores
@inproceedings{tschiatschek2018fake,
  title={Fake news detection in social networks via crowd signals},
  author={Tschiatschek, Sebastian and Singla, Adish and Gomez Rodriguez, Manuel and Merchant, Arpit and Krause, Andreas},
  booktitle={Companion Proceedings of the The Web Conference 2018},
  pages={517--524},
  year={2018}
}

%%% who shares fake news more often
@article{guess2019less,
  title={Less than you think: Prevalence and predictors of fake news dissemination on Facebook},
  author={Guess, Andrew and Nagler, Jonathan and Tucker, Joshua},
  journal={Science advances},
  volume={5},
  number={1},
  pages={eaau4586},
  year={2019},
  publisher={American Association for the Advancement of Science}
}
@book{benkler2018network,
  title={Network propaganda: Manipulation, disinformation, and radicalization in American politics},
  author={Benkler, Yochai and Faris, Robert and Roberts, Hal},
  year={2018},
  publisher={Oxford University Press}
}
@article{grinberg2019fake,
  title={Fake news on Twitter during the 2016 US presidential election},
  author={Grinberg, Nir and Joseph, Kenneth and Friedland, Lisa and Swire-Thompson, Briony and Lazer, David},
  journal={Science},
  volume={363},
  number={6425},
  pages={374--378},
  year={2019},
  publisher={American Association for the Advancement of Science}
}
@article{allcott2017social,
  title={Social media and fake news in the 2016 election},
  author={Allcott, Hunt and Gentzkow, Matthew},
  journal={Journal of economic perspectives},
  volume={31},
  number={2},
  pages={211--36},
  year={2017}
}
@article{roozenbeek2020susceptibility,
  title={Susceptibility to misinformation about COVID-19 around the world},
  author={Roozenbeek, Jon and Schneider, Claudia R and Dryhurst, Sarah and Kerr, John and Freeman, Alexandra LJ and Recchia, Gabriel and Van Der Bles, Anne Marthe and Van Der Linden, Sander},
  journal={Royal Society open science},
  volume={7},
  number={10},
  pages={201199},
  year={2020},
  publisher={The Royal Society}
}
@article{diresta2019tactics,
  title={The tactics \& tropes of the Internet Research Agency},
  author={DiResta, Renee and Shaffer, Kris and Ruppel, Becky and Sullivan, David and Matney, Robert and Fox, Ryan and Albright, Jonathan and Johnson, Ben},
  year={2019}
}
@article{howard2019ira,
  title={The IRA, social media and political polarization in the United States, 2012-2018},
  author={Howard, Philip N and Ganesh, Bharath and Liotsiou, Dimitra and Kelly, John and Fran{\c{c}}ois, Camille},
  year={2019}
}
@article{boatwright2018troll,
  title={Troll factories: The internet research agency and state-sponsored agenda building},
  author={Boatwright, Brandon C and Linvill, Darren L and Warren, Patrick L},
  journal={Resource Centre on Media Freedom in Europe},
  year={2018}
}
@book{jamieson2020cyberwar,
  title={Cyberwar: how Russian hackers and trolls helped elect a president: what we don't, can't, and do know},
  author={Jamieson, Kathleen Hall},
  year={2020},
  publisher={Oxford University Press}
}
@inproceedings{badawy2018analyzing,
  title={Analyzing the digital traces of political manipulation: The 2016 russian interference twitter campaign},
  author={Badawy, Adam and Ferrara, Emilio and Lerman, Kristina},
  booktitle={2018 IEEE/ACM International Conference on Advances in Social Networks Analysis and Mining (ASONAM)},
  pages={258--265},
  year={2018},
  organization={IEEE}
}
@article{kahan2012ideology,
  title={Ideology, motivated reasoning, and cognitive reflection: An experimental study},
  author={Kahan, Dan M},
  journal={Judgment and Decision making},
  volume={8},
  pages={407--24},
  year={2012}
}
@article{barbera2015tweeting,
  title={Tweeting from left to right: Is online political communication more than an echo chamber?},
  author={Barber{\'a}, Pablo and Jost, John T and Nagler, Jonathan and Tucker, Joshua A and Bonneau, Richard},
  journal={Psychological science},
  volume={26},
  number={10},
  pages={1531--1542},
  year={2015},
  publisher={Sage Publications Sage CA: Los Angeles, CA}
}
@article{pennycook2019lazy,
  title={Lazy, not biased: Susceptibility to partisan fake news is better explained by lack of reasoning than by motivated reasoning},
  author={Pennycook, Gordon and Rand, David G},
  journal={Cognition},
  volume={188},
  pages={39--50},
  year={2019},
  publisher={Elsevier}
}
@article{lewandowsky2016motivated,
  title={Motivated rejection of science},
  author={Lewandowsky, Stephan and Oberauer, Klaus},
  journal={Current Directions in Psychological Science},
  volume={25},
  number={4},
  pages={217--222},
  year={2016},
  publisher={Sage Publications Sage CA: Los Angeles, CA}
}
@article{nisbet2015partisan,
  title={The partisan brain: How dissonant science messages lead conservatives and liberals to (dis) trust science},
  author={Nisbet, Erik C and Cooper, Kathryn E and Garrett, R Kelly},
  journal={The ANNALS of the American Academy of Political and Social Science},
  volume={658},
  number={1},
  pages={36--66},
  year={2015},
  publisher={Sage Publications Sage CA: Los Angeles, CA}
}
@article{kahan2015climate,
  title={Climate-science communication and the measurement problem},
  author={Kahan, Dan M},
  journal={Political Psychology},
  volume={36},
  pages={1--43},
  year={2015},
  publisher={Wiley Online Library}
}
@article{hara2016co,
  title={Co-constructing controversy: Content analysis of collaborative knowledge negotiation in online communities},
  author={Hara, Noriko and Sanfilippo, Madelyn Rose},
  journal={Information, Communication \& Society},
  volume={19},
  number={11},
  pages={1587--1604},
  year={2016},
  publisher={Taylor \& Francis}
}

@article{mourao2019fake,
  title={Fake news as discursive integration: An analysis of sites that publish false, misleading, hyperpartisan and sensational information},
  author={Mour{\~a}o, Rachel R and Robertson, Craig T},
  journal={Journalism Studies},
  volume={20},
  number={14},
  pages={2077--2095},
  year={2019},
  publisher={Taylor \& Francis}
}
@article{yla2018populist,
  title={Populist knowledge:‘Post-truth’repertoires of contesting epistemic authorities},
  author={Yl{\"a}-Anttila, Tuukka},
  journal={European Journal of Cultural and Political Sociology},
  volume={5},
  number={4},
  pages={356--388},
  year={2018},
  publisher={Taylor \& Francis}
}
@article{noppari2019user,
  title={User profiles for populist counter-media websites in Finland},
  author={Noppari, Elina and Hiltunen, Ilmari and Ahva, Laura},
  year={2019}
}
@article{lazer2018science,
  title={The science of fake news},
  author={Lazer, David MJ and Baum, Matthew A and Benkler, Yochai and Berinsky, Adam J and Greenhill, Kelly M and Menczer, Filippo and Metzger, Miriam J and Nyhan, Brendan and Pennycook, Gordon and Rothschild, David and others},
  journal={Science},
  volume={359},
  number={6380},
  pages={1094--1096},
  year={2018},
  publisher={American Association for the Advancement of Science}
}
@article{bruns2020covid19,
  title={<? covid19?>‘Corona? 5G? or both?’: the dynamics of COVID-19/5G conspiracy theories on Facebook},
  author={Bruns, Axel and Harrington, Stephen and Hurcombe, Edward},
  journal={Media International Australia},
  volume={177},
  number={1},
  pages={12--29},
  year={2020},
  publisher={SAGE Publications Sage UK: London, England}
}
@article{sole2001complexity,
  title={Complexity and fragility in ecological networks},
  author={Sole, Ricard V and Montoya, Ma},
  journal={Proceedings of the Royal Society of London. Series B: Biological Sciences},
  volume={268},
  number={1480},
  pages={2039--2045},
  year={2001},
  publisher={The Royal Society}
}
@article{camacho2002robust,
  title={Robust patterns in food web structure},
  author={Camacho, Juan and Guimer{\`a}, Roger and Amaral, Lu{\'\i}s A Nunes},
  journal={Physical Review Letters},
  volume={88},
  number={22},
  pages={228102},
  year={2002},
  publisher={APS}
}
@article{jeong2000large,
  title={The large-scale organization of metabolic networks},
  author={Jeong, Hawoong and Tombor, B{\'a}lint and Albert, R{\'e}ka and Oltvai, Zoltan N and Barab{\'a}si, A-L},
  journal={Nature},
  volume={407},
  number={6804},
  pages={651--654},
  year={2000},
  publisher={Nature Publishing Group}
}
@article{jeong2001lethality,
  title={Lethality and centrality in protein networks},
  author={Jeong, Hawoong and Mason, Sean P and Barab{\'a}si, A-L and Oltvai, Zoltan N},
  journal={Nature},
  volume={411},
  number={6833},
  pages={41--42},
  year={2001},
  publisher={Nature Publishing Group}
}
@article{ferrari2006network,
  title={Network frailty and the geometry of herd immunity},
  author={Ferrari, Matthew J and Bansal, Shweta and Meyers, Lauren A and Bj{\o}rnstad, Ottar N},
  journal={Proceedings of the Royal Society B: Biological Sciences},
  volume={273},
  number={1602},
  pages={2743--2748},
  year={2006},
  publisher={The Royal Society London}
}
@book{bailey1975mathematical,
  title={The mathematical theory of infectious diseases and its applications},
  author={Bailey, Norman TJ and others},
  year={1975},
  publisher={Charles Griffin \& Company Ltd, 5a Crendon Street, High Wycombe, Bucks HP13 6LE.}
}
@article{newman2005threshold,
  title={Threshold effects for two pathogens spreading on a network},
  author={Newman, Mark EJ},
  journal={Physical review letters},
  volume={95},
  number={10},
  pages={108701},
  year={2005},
  publisher={APS}
}
@article{meyers2005network,
  title={Network theory and SARS: predicting outbreak diversity},
  author={Meyers, Lauren Ancel and Pourbohloul, Babak and Newman, Mark EJ and Skowronski, Danuta M and Brunham, Robert C},
  journal={Journal of theoretical biology},
  volume={232},
  number={1},
  pages={71--81},
  year={2005},
  publisher={Elsevier}
}
@article{newman2002spread,
  title={Spread of epidemic disease on networks},
  author={Newman, Mark EJ},
  journal={Physical review E},
  volume={66},
  number={1},
  pages={016128},
  year={2002},
  publisher={APS}
}
@article{yla2019politicization,
  title={Politicization of migration in the countermedia style: A computational and qualitative analysis of populist discourse},
  author={Yl{\"a}-Anttila, Tuukka and Bauvois, Gwena{\"e}lle and Pyrh{\"o}nen, Niko},
  year={2019}
}
@article{rheault2016measuring,
  title={Measuring emotion in parliamentary debates with automated textual analysis},
  author={Rheault, Ludovic and Beelen, Kaspar and Cochrane, Christopher and Hirst, Graeme},
  journal={PloS one},
  volume={11},
  number={12},
  pages={e0168843},
  year={2016},
  publisher={Public Library of Science San Francisco, CA USA}
}
@article{dale2017nlp,
  title={NLP in a post-truth world},
  author={Dale, Robert},
  journal={Natural Language Engineering},
  volume={23},
  number={2},
  pages={319--324},
  year={2017},
  publisher={Cambridge University Press}
}
@article{zubiaga2016analysing,
  title={Analysing how people orient to and spread rumours in social media by looking at conversational threads},
  author={Zubiaga, Arkaitz and Liakata, Maria and Procter, Rob and Wong Sak Hoi, Geraldine and Tolmie, Peter},
  journal={PloS one},
  volume={11},
  number={3},
  pages={e0150989},
  year={2016},
  publisher={Public Library of Science San Francisco, CA USA}
}
@inproceedings{shao2016hoaxy,
  title={Hoaxy: A platform for tracking online misinformation},
  author={Shao, Chengcheng and Ciampaglia, Giovanni Luca and Flammini, Alessandro and Menczer, Filippo},
  booktitle={Proceedings of the 25th international conference companion on world wide web},
  pages={745--750},
  year={2016}
}
@inproceedings{kwak2010twitter,
  title={What is Twitter, a social network or a news media?},
  author={Kwak, Haewoon and Lee, Changhyun and Park, Hosung and Moon, Sue},
  booktitle={Proceedings of the 19th international conference on World wide web},
  pages={591--600},
  year={2010}
}
@article{nahon2013information,
  title={Information flows in events of political unrest},
  author={Nahon, Karine and Hemsley, Jeff and Mason, Robert M and Walker, Shawn and Eckert, Josef},
  year={2013},
  publisher={iSchools}
}
@article{pastor2001epidemic,
  title={Epidemic spreading in scale-free networks},
  author={Pastor-Satorras, Romualdo and Vespignani, Alessandro},
  journal={Physical review letters},
  volume={86},
  number={14},
  pages={3200},
  year={2001},
  publisher={APS}
}
@book{marro2005nonequilibrium,
  title={Nonequilibrium phase transitions in lattice models},
  author={Marro, Joaqu{\'\i}n and Dickman, Ronald},
  year={2005},
  publisher={Cambridge University Press}
}

@inproceedings{lampe2007familiar,
  title={A familiar face (book) profile elements as signals in an online social network},
  author={Lampe, Cliff AC and Ellison, Nicole and Steinfield, Charles},
  booktitle={Proceedings of the SIGCHI conference on Human factors in computing systems},
  pages={435--444},
  year={2007}
}
@article{spence2002signaling,
  title={Signaling in retrospect and the informational structure of markets},
  author={Spence, Michael},
  journal={American Economic Review},
  volume={92},
  number={3},
  pages={434--459},
  year={2002}
}
@article{connelly2011signaling,
  title={Signaling theory: A review and assessment},
  author={Connelly, Brian L and Certo, 
  S Trevis and Ireland, R Duane and Reutzel, Christopher R},
  journal={Journal of management},
  volume={37},
  number={1},
  pages={39--67},
  year={2011},
  publisher={Sage Publications Sage CA: Los Angeles, CA}
}
@article{helleringer2007sexual,
  title={Sexual network structure and the spread of HIV in Africa: evidence from Likoma Island, Malawi},
  author={Helleringer, Stephane and Kohler, Hans-Peter},
  journal={Aids},
  volume={21},
  number={17},
  pages={2323--2332},
  year={2007},
  publisher={LWW}
}
@article{liljeros2001web,
  title={The web of human sexual contacts},
  author={Liljeros, Fredrik and Edling, Christofer R and Amaral, Luis A Nunes and Stanley, H Eugene and {\AA}berg, Yvonne},
  journal={Nature},
  volume={411},
  number={6840},
  pages={907--908},
  year={2001},
  publisher={Nature Publishing Group}
}
@book{hethcote2014gonorrhea,
  title={Gonorrhea transmission dynamics and control},
  author={Hethcote, Herbert W and Yorke, James A},
  volume={56},
  year={2014},
  publisher={Springer}
}
@book{hethcote2013modeling,
  title={Modeling HIV transmission and AIDS in the United States},
  author={Hethcote, Herbert W and Van Ark, James W},
  volume={95},
  year={2013},
  publisher={Springer Science \& Business Media}
}

@article{hethcote1987epidemiological,
  title={Epidemiological models for heterogeneous populations: proportionate mixing, parameter estimation, and immunization programs},
  author={Hethcote, Herbert W and Van Ark, James W},
  journal={Mathematical Biosciences},
  volume={84},
  number={1},
  pages={85--118},
  year={1987},
  publisher={Elsevier}
}

@article{donadio2017french,
  title={A French Campaign Waged Online Adds a Wild Card to the Election},
  author={Donadio, Rachel},
  journal={The New York Times},
  year={2017},
  month={Apr},
  day={22}
}
@article{vinocur2017marine,
  title={Marine Le Pen’s internet army},
  author={Vinocur, Nicholas},
  journal={Politico},
  year={2017},
  month={Feb},
  day={3}
}
@inproceedings{wainwright2018remarkable,
  title={The Remarkable Rise of Jeremy Corbyn},
  author={Wainwright, Hilary},
  booktitle={New Labor Forum},
  volume={27},
  number={3},
  pages={34--42},
  year={2018},
  organization={SAGE Publications Sage CA: Los Angeles, CA}
}
@misc{hobson_fielding_2019, 
    title={Unpopular But Unbowed: Jeremy Corbyn's Rise In The U.K.'s Labour Party And His Left-Wing Pitch To Voters},
    place={Boston, MA}, 
    journal={Here and Now}, 
    publisher={WBUR}, 
    author={Hobson, Jeremy and Fielding, Steven}, 
    year={2019}, month={Dec}
}
@misc{npr2021teachers, 
    title={Many Teachers Still Hesitant Over Coronavirus Vaccine},
    journal={Weekend Edition}, 
    publisher={NPR}, 
    author={Garcia-Navarro, Lulu and Ahmed, Imran}, 
    year={2021}, 
    month={Feb}
}
@inproceedings{ahmed2020antivaxx,
  title={The Anti-Vaxx Playbook},
  author={Ahmed, Imran},
  year={2020},
  organization={Center for Countering Digital Hate}
}
@article{satija2019major,
  title={A major funder of the anti-vaccine movement has made millions selling natural health products},
  author={Satija, N and Sun, LH},
  journal={Washington Post, Dec},
  volume={20},
  year={2019}
}
@article{mills2020covid,
  title={COVID-19 vaccine deployment: Behaviour, ethics, misinformation and policy strategies},
  author={Mills, M and Rahal, C and Brazel, D and Yan, J and Gieysztor, S},
  journal={London: The Royal Society \& The British Academy},
  year={2020}
}
@article{robinson2021instagram,
  title={Instagram bans Robert F Kennedy Jr over Covid vaccine posts},
  author={Robinson, Olga},
  journal={BBC News. Available online at: https://www.bbc.com/news/world-us-canada-56021904 (accessed Feb 11, 2021)},
  year={2021}
}


@misc{pelosi2020maher, 
    title={Speaker Nancy Pelosi | Real Time with Bill Maher (HBO)},
    place={Washington, D.C.}, 
    journal={Real Time with Bill Maher}, 
    publisher={HBO}, 
    author={Maher, Bill and Pelosi, Nancy}, 
    year={2020}, 
    month={Apr},
    day={24}
}
@article{iyengar2015fear,
  title={Fear and loathing across party lines: New evidence on group polarization},
  author={Iyengar, Shanto and Westwood, Sean J},
  journal={American Journal of Political Science},
  volume={59},
  number={3},
  pages={690--707},
  year={2015},
  publisher={Wiley Online Library}
}
@book{mueller2019mueller,
  title={The Mueller report: Report on the investigation into Russian interference in the 2016 presidential election},
  author={Mueller, Robert S},
  year={2019},
  publisher={WSBLD}
}

@book{mueller2020internet,
  title={Internet research agency indictment},
  author={Mueller III, Robert S},
  year={2020},
  publisher={Good Press}
}

@misc{scotus2012alvarez,
  title={United States v. Alvarez},
  booktitle={US},
  volume={567},
  pages={709},
  number={No. 11-210},
  year={2012},
  publisher={Supreme Court}
}

@misc{ashcroft2002aclu,
  title={Ashcroft v. American Civil Liberties Union},
  booktitle={US},
  volume={535},
  pages={564},
  number={No. 00-1293},
  year={2002},
  publisher={Supreme Court}
}

@misc{scotus1969brandenburg,
  title={Brandenburg v. Ohio},
  booktitle={US},
  volume={395},
  pages={444},
  number={No. 492},
  year={1969},
  publisher={Supreme Court}
}

@misc{scotus1964garrison,
  title={Garrison v. Louisiana},
  booktitle={US},
  volume={379},
  pages={64},
  number={No. 4},
  year={1964},
  publisher={Supreme Court}
}

@misc{scotus1987hustler,
  title={HUSTLER MAGAZINE v. FALWELL},
  booktitle={US},
  volume={485},
  pages={46},
  number={No. 86-1278},
  year={1987},
  publisher={Supreme Court}
}

@article{freelon2020black,
  title={Black Trolls Matter: Racial and Ideological Asymmetries in Social Media Disinformation},
  author={Freelon, Deen and Bossetta, Michael and Wells, Chris and Lukito, Josephine and Xia, Yiping and Adams, Kirsten},
  journal={Social Science Computer Review},
  pages={0894439320914853},
  year={2020},
  publisher={SAGE Publications Sage CA: Los Angeles, CA}
}
@article{freelon2020russian,
  title={Russian Twitter disinformation campaigns reach across the American political spectrum},
  author={Freelon, Deen and Lokot, Tetyana},
  journal={Misinformation Review},
  year={2020},
  publisher={The Harvard Kennedy School}
}
@article{wasilewski2019us,
  title={US alt-right media and the creation of the counter-collective memory},
  author={Wasilewski, Krzysztof},
  journal={Journal of Alternative and Community Media},
  volume={4},
  number={1},
  pages={77--91},
  year={2019}
}
@article{godfrey2020thousands,
  title={Thousands of Americans Have Become Socialists Since March},
  author={Godfrey, Elaine},
  journal={The Atlantic},
  year={2020},
  month={May},
  day={14}
}
@article{bastos2019brexit,
  title={The Brexit botnet and user-generated hyperpartisan news},
  author={Bastos, Marco T and Mercea, Dan},
  journal={Social Science Computer Review},
  volume={37},
  number={1},
  pages={38--54},
  year={2019},
  publisher={SAGE Publications Sage CA: Los Angeles, CA}
}
@inproceedings{hegelich2016social,
  title={Are social bots on Twitter political actors? Empirical evidence from a Ukrainian social botnet},
  author={Hegelich, Simon and Janetzko, Dietmar},
  booktitle={Tenth International AAAI Conference on Web and Social Media},
  year={2016}
}
@article{bakir2018fake,
  title={Fake news and the economy of emotions: Problems, causes, solutions},
  author={Bakir, Vian and McStay, Andrew},
  journal={Digital journalism},
  volume={6},
  number={2},
  pages={154--175},
  year={2018},
  publisher={Taylor \& Francis}
}
@article{bodo2019interested,
  title={Interested in diversity: The role of user attitudes, algorithmic feedback loops, and policy in news personalization},
  author={Bod{\'o}, Bal{\'a}zs and Helberger, Natali and Eskens, Sarah and M{\"o}ller, Judith},
  journal={Digital Journalism},
  volume={7},
  number={2},
  pages={206--229},
  year={2019},
  publisher={Taylor \& Francis}
}
@article{silverman2016analysis,
  title={This analysis shows how viral fake election news stories outperformed real news on Facebook},
  author={Silverman, Craig},
  journal={BuzzFeed news},
  volume={16},
  year={2016}
}

@article{duvall2020fact,
    title={FACT CHECK 2.0: Debunking 9 widely shared rumors in the Breonna Taylor police shooting},
    author={Duvall, Tessa},
    journal={Louisville Courier Journal},
    year={2020},
    month={Jun},
    day={16}
}

@article{kim2020fact,
    title={Fact-checking claims about Breonna Taylor’s death},
    author={Kim, Noah Y. and Valverde, Miriam},
    journal={Politifact},
    year={2020},
    month={Sep},
    day={25}
}

@article{sacks2019maga,
    title={The MAGA Hat–Wearing Student In A Viral Video Says He Was Not Taunting A Native American Elder},
    author={Sacks, Brianna},
    journal={BuzzFeed News},
    volume={16},
    year={2019}
}

@article{healy2019believing,
    title={Believing What We See: The Covington Catholic Video And Competing Narratives},
    author={Healy, Gabrielle and Collett, Stef},
    journal={NPR Illinois},
    volume={16},
    year={2019}
}
@misc{pond2020complexity,
  title={Complexity, Digital Media and Post Truth Politics: A Theory of Interactive Systems},
  author={Pond, Philip},
  year={2020},
  publisher={Springer}
}
@article{colliander2019fake,
  title={“This is fake news”: Investigating the role of conformity to other users’ views when commenting on and spreading disinformation in social media},
  author={Colliander, Jonas},
  journal={Computers in Human Behavior},
  volume={97},
  pages={202--215},
  year={2019},
  publisher={Elsevier}
}
@article{winter2015they,
  title={They came, they liked, they commented: Social influence on Facebook news channels},
  author={Winter, Stephan and Br{\"u}ckner, Caroline and Kr{\"a}mer, Nicole C},
  journal={Cyberpsychology, Behavior, and Social Networking},
  volume={18},
  number={8},
  pages={431--436},
  year={2015},
  publisher={Mary Ann Liebert, Inc. 140 Huguenot Street, 3rd Floor New Rochelle, NY 10801 USA}
}
@article{cialdini2004social,
  title={Social influence: Compliance and conformity},
  author={Cialdini, Robert B and Goldstein, Noah J},
  journal={Annu. Rev. Psychol.},
  volume={55},
  pages={591--621},
  year={2004},
  publisher={Annual Reviews}
}
@article{asch1956studies,
  title={Studies of independence and conformity: I. A minority of one against a unanimous majority.},
  author={Asch, Solomon E},
  journal={Psychological monographs: General and applied},
  volume={70},
  number={9},
  pages={1},
  year={1956},
  publisher={American Psychological Association}
}
@article{williams2000cyberostracism,
  title={Cyberostracism: effects of being ignored over the Internet.},
  author={Williams, Kipling D and Cheung, Christopher KT and Choi, Wilma},
  journal={Journal of personality and social psychology},
  volume={79},
  number={5},
  pages={748},
  year={2000},
  publisher={American Psychological Association}
}
@article{edelson2011following,
  title={Following the crowd: brain substrates of long-term memory conformity},
  author={Edelson, Micah and Sharot, Tali and Dolan, Raymond J and Dudai, Yadin},
  journal={science},
  volume={333},
  number={6038},
  pages={108--111},
  year={2011},
  publisher={American Association for the Advancement of Science}
}
@inproceedings{zhu2012switch,
  title={To switch or not to switch: understanding social influence in online choices},
  author={Zhu, Haiyi and Huberman, Bernardo and Luon, Yarun},
  booktitle={Proceedings of the SIGCHI Conference on Human Factors in Computing Systems},
  pages={2257--2266},
  year={2012}
}
@article{tsikerdekis2013effects,
  title={The effects of perceived anonymity and anonymity states on conformity and groupthink in online communities: AW ikipedia study},
  author={Tsikerdekis, Michail},
  journal={Journal of the American Society for Information Science and Technology},
  volume={64},
  number={5},
  pages={1001--1015},
  year={2013},
  publisher={Wiley Online Library}
}
@article{breitsohl2015groupthink,
  title={Groupthink 2.0: An empirical analysis of customers' conformity-seeking in online communities},
  author={Breitsohl, Jan and Wilcox-Jones, James Peter and Harris, Ian},
  journal={Journal of Customer Behaviour},
  volume={14},
  number={2},
  pages={87--106},
  year={2015},
  publisher={Westburn Publishers Ltd}
}
@article{hamilton2017s,
  title={Who's driving this conversation? Systematic biases in the content of online consumer discussions},
  author={Hamilton, Rebecca W and Schlosser, Ann and Chen, Yu-Jen},
  journal={Journal of Marketing Research},
  volume={54},
  number={4},
  pages={540--555},
  year={2017},
  publisher={SAGE Publications Sage CA: Los Angeles, CA}
}
@article{segal2007tit,
  title={Tit for tat: Foundations of preferences for reciprocity in strategic settings},
  author={Segal, Uzi and Sobel, Joel},
  journal={Journal of Economic Theory},
  volume={136},
  number={1},
  pages={197--216},
  year={2007}
}
@article{rabin1993incorporating,
  title={Incorporating fairness into game theory and economics},
  author={Rabin, Matthew},
  journal={The American economic review},
  pages={1281--1302},
  year={1993},
  publisher={JSTOR}
}
 @article{schott2020brief, 
 title={BRIEF: How Facebook’s AI is failing American voters ahead of Election Day}, url={https://secure.avaaz.org/campaign/en/facebook$\_$fact$\_$check$\_$failure/}, 
 journal={Alvaaz}, 
 author={Schott, Christoph}, 
 year={2020}, 
 month={Oct}
 } 
 @article{dean2020facebook,
  title={How Facebook and Twitter plan to handle election day disinformation},
  author={Dean, Sam},
  url={https://www.latimes.com/business/story/2020-11-02/election-day-2020-disinformation-facebook-instagram-twitter-youtube},
  journal={LA Times},
  year={2020},
  month={Nov}
}

@article{fandos2021trump,
  title={Trump Impeached for Inciting Insurrection},
  author={Fandos, Nicholas},
  url={https://www.nytimes.com/2021/01/13/us/politics/trump-impeached.html},
  journal={New York Times},
  year={2021},
  month={Jan}
}

 @article{Fung2020facebook,
  title={Facebook can't catch misinformation it's already identified as false, activist group says},
  author={Fung, Brian},
  url={https://www.cnn.com/2020/10/09/tech/facebook-misinformation-loophole-avaaz/index.html},
  journal={CNN},
  year={2020},
  month={Oct}
}

@article{Levenson2021capitol,
  title={What we know about the 5 deaths in the pro-Trump mob that stormed the Capitol},
  author={Levenson, Eric and Vera, Amir and Kallingal, Mallika},
  url={https://www.cnn.com/2021/01/07/us/capitol-mob-deaths/index.html},
  journal={CNN},
  year={2021},
  month={Jan}
}

@article{yin2021facebook,
  title={Facebook Said It Would Stop Pushing Users to Join Partisan Political Groups. It Didn’t.},
  author={Yin, Leon and Ng, Alfred},
  url={https://themarkup.org/citizen-browser/2021/01/19/facebook-said-it-would-stop-pushing-users-to-join-partisan-political-groups-it-didnt},
  journal={The Markup},
  year={2021},
  month={Jan}
}

@article{horwitz2020facebook,
  title={Facebook Executives Shut Down Efforts to Make the Site Less Divisive},
  author={Horwitz, Jeff and Seetharaman, Deepa},
  url={https://www.wsj.com/articles/facebook-knows-it-encourages-division-top-executives-nixed-solutions-11590507499},
  journal={The Wall Street Journal},
  year={2020},
  month={May},
  day={26}
}

@article{bagherpour2020covid,
  title={COVID Misinformation Is Killing People},
  author={Bagherpour,Amir and Nouri, Ali},
  journal={Scientific American},
  year={2020},
  month={Oct}
}
@article{shultz2016role,
  title={The role of fear-related behaviors in the 2013--2016 West Africa Ebola virus disease outbreak},
  author={Shultz, James M and Cooper, Janice L and Baingana, Florence and Oquendo, Maria A and Espinel, Zelde and Althouse, Benjamin M and Marcelin, Louis Herns and Towers, Sherry and Espinola, Maria and McCoy, Clyde B and others},
  journal={Current psychiatry reports},
  volume={18},
  number={11},
  pages={1--14},
  year={2016},
  publisher={Springer}
}

@article{hussain2018anti,
  title={The anti-vaccination movement: a regression in modern medicine},
  author={Hussain, Azhar and Ali, Syed and Ahmed, Madiha and Hussain, Sheharyar},
  journal={Cureus},
  volume={10},
  number={7},
  year={2018},
  publisher={Cureus Inc.}
}

@techreport{bursztyn2020misinformation,
  title={Misinformation during a pandemic},
  author={Bursztyn, Leonardo and Rao, Aakaash and Roth, Christopher P and Yanagizawa-Drott, David H},
  year={2020},
  institution={National Bureau of Economic Research}
}

@article{brennen2020types,
  title={Types, sources, and claims of COVID-19 misinformation},
  author={Brennen, J Scott and Simon, Felix and Howard, Philip N and Nielsen, Rasmus Kleis},
  journal={Reuters Institute},
  volume={7},
  pages={3--1},
  year={2020}
}

@article{world2020novel,
  title={Novel Coronavirus (‎ 2019-nCoV)‎: situation report, 3},
  author={World Health Organization and others},
  year={2020},
  publisher={World Health Organization}
}

@article{zarocostas2020fight,
  title={How to fight an infodemic},
  author={Zarocostas, John},
  journal={The lancet},
  volume={395},
  number={10225},
  pages={676},
  year={2020},
  publisher={Elsevier}
}

@misc{depoux2020pandemic,
  title={The pandemic of social media panic travels faster than the COVID-19 outbreak},
  author={Depoux, Anneliese and Martin, Sam and Karafillakis, Emilie and Preet, Raman and Wilder-Smith, Annelies and Larson, Heidi},
  year={2020},
  publisher={Oxford University Press}
}
@article{habersaat2020ten,
  title={Ten considerations for effectively managing the COVID-19 transition},
  author={Habersaat, Katrine Bach and Betsch, Cornelia and Danchin, Margie and Sunstein, Cass R and B{\"o}hm, Robert and Falk, Armin and Brewer, Noel T and Omer, Saad B and Scherzer, Martha and Sah, Sunita and others},
  journal={Nature human behaviour},
  volume={4},
  number={7},
  pages={677--687},
  year={2020},
  publisher={Nature Publishing Group}
}
@article{van2020using,
  title={Using social and behavioural science to support COVID-19 pandemic response},
  author={Van Bavel, Jay J and Baicker, Katherine and Boggio, Paulo S and Capraro, Valerio and Cichocka, Aleksandra and Cikara, Mina and Crockett, Molly J and Crum, Alia J and Douglas, Karen M and Druckman, James N and others},
  journal={Nature human behaviour},
  volume={4},
  number={5},
  pages={460--471},
  year={2020},
  publisher={Nature Publishing Group}
}

@article{spring2020coronavirus,
  title={Coronavirus: The human cost of virus misinformation},
  author={Spring, Marianna},
  journal={BBC News. Available online at: https://www. bbc. com/news/stories-52731624 (accessed May 27, 2020)},
  year={2020}
}

@article{goodman2020coronavirus,
  title={Coronavirus: 5G and microchip conspiracies around the world},
  author={Goodman, Jack and Carmichael, Flora},
  journal={BBC News. Available online at: https://www.bbc.com/news/53191523)},
  year={2020}
}

@article{jolley2020pylons,
  title={Pylons ablaze: Examining the role of 5G COVID-19 conspiracy beliefs and support for violence},
  author={Jolley, Daniel and Paterson, Jenny L},
  journal={British journal of social psychology},
  volume={59},
  number={3},
  pages={628--640},
  year={2020},
  publisher={Wiley Online Library}
}
@article{sanders2020difference,
  title={The Difference between What Republicans and Democrats Believe to be True about COVID-19},
  author={Sanders, L},
  journal={YouGov. Available online at: https://today. yougov. com/topics/politics/articles-reports/2020/05/26/republicans-democrats-misinformation (accessed May 26, 2020)},
  year={2020}
}

@article{cornwall2020just,
  title={Just 50\% of Americans plan to get a COVID-19 vaccine. Here’s how to win over the rest},
  author={Cornwall, Warren},
  journal={Science},
  volume={30},
  year={2020}
}
@article{shu2017fake,
  title={Fake news detection on social media: A data mining perspective},
  author={Shu, Kai and Sliva, Amy and Wang, Suhang and Tang, Jiliang and Liu, Huan},
  journal={ACM SIGKDD explorations newsletter},
  volume={19},
  number={1},
  pages={22--36},
  year={2017},
  publisher={ACM New York, NY, USA}
}
@article{klein2017fake,
  title={Fake news: A legal perspective},
  author={Klein, David and Wueller, Joshua},
  journal={Journal of Internet Law (Apr. 2017)},
  year={2017}
}
@article{conroy2015automatic,
  title={Automatic deception detection: Methods for finding fake news},
  author={Conroy, Nadia K and Rubin, Victoria L and Chen, Yimin},
  journal={Proceedings of the Association for Information Science and Technology},
  volume={52},
  number={1},
  pages={1--4},
  year={2015},
  publisher={Wiley Online Library}
}

%%% partisanship
@article{macy2003polarization,
  title={Polarization in dynamic networks: A Hopfield model of emergent structure},
  author={Macy, Michael W and Kitts, James A and Flache, Andreas and Benard, Steve},
  journal={Dynamic Social Network Modeling and Analysis},
  publisher={Washington DC: National Academies Press},
  year={2003},
  pages={162--173}
}
@article{hopfield1982neural,
  title={Neural networks and physical systems with emergent collective computational abilities},
  author={Hopfield, John J},
  journal={Proceedings of the national academy of sciences},
  volume={79},
  number={8},
  pages={2554--2558},
  year={1982},
  publisher={National Acad Sciences}
}
@book{heider1982psychology,
  title={The psychology of interpersonal relations},
  author={Heider, Fritz},
  year={1982},
  publisher={Psychology Press}
}
@article{cartwright1956structural,
  title={Structural balance: a generalization of Heider's theory},
  author={Cartwright, Dorwin and Harary, Frank},
  journal={Psychological review},
  volume={63},
  number={5},
  pages={277--293},
  year={1956},
  publisher={American Psychological Association}
}
@article{hopfield1985neural,
  title={“Neural” computation of decisions in optimization problems},
  author={Hopfield, John J and Tank, David W},
  journal={Biological cybernetics},
  volume={52},
  number={3},
  pages={141--152},
  year={1985},
  publisher={Springer}
}
@article{nowak1998toward,
  title={Toward computational social psychology: Cellular automata and neural network models of interpersonal dynamics},
  author={Nowak, Andrzej and Vallacher, Robin R and Read, SJ and Miller, LC},
  journal={Connectionist models of social reasoning and social behavior},
  pages={277--311},
  year={1998},
  publisher={Lawrence Erlbaum Associates, Inc. Mahwah, NJ}
}
@article{kitts1999structural,
  title={Structural learning: Attraction and conformity in task-oriented groups},
  author={Kitts, James A and Macy, Michael W and Flache, Andreas},
  journal={Computational \& Mathematical Organization Theory},
  volume={5},
  number={2},
  pages={129--145},
  year={1999},
  publisher={Springer}
}
@article{friedkin1984structural,
  title={Structural cohesion and equivalence explanations of social homogeneity},
  author={Friedkin, Noah E},
  journal={Sociological Methods \& Research},
  volume={12},
  number={3},
  pages={235--261},
  year={1984},
  publisher={Sage Publications}
}
@article{marsden1993network,
  title={Network studies of social influence},
  author={Marsden, Peter V and Friedkin, Noah E},
  journal={Sociological Methods \& Research},
  volume={22},
  number={1},
  pages={127--151},
  year={1993},
  publisher={SAGE PERIODICALS PRESS}
}

@article{rubin2015deception,
  title={Deception detection for news: three types of fakes},
  author={Rubin, Victoria L and Chen, Yimin and Conroy, Nadia K},
  journal={Proceedings of the Association for Information Science and Technology},
  volume={52},
  number={1},
  pages={1--4},
  year={2015},
  publisher={Wiley Online Library}
}
@incollection{rubin2017deception,
  title={Deception detection and rumor debunking for social media},
  author={Rubin, Victoria L},
  booktitle={The SAGE Handbook of Social Media Research Methods},
  pages={342},
  year={2017},
  publisher={Sage}
}
@inproceedings{mustafaraj2017fake,
  title={The fake news spreading plague: was it preventable?},
  author={Mustafaraj, Eni and Metaxas, Panagiotis Takis},
  booktitle={Proceedings of the 2017 ACM on web science conference},
  pages={235--239},
  year={2017}
}
@article{potthast2017stylometric,
  title={A stylometric inquiry into hyperpartisan and fake news},
  author={Potthast, Martin and Kiesel, Johannes and Reinartz, Kevin and Bevendorff, Janek and Stein, Benno},
  journal={arXiv preprint arXiv:1702.05638},
  year={2017}
}
@book{difonzo2007rumor,
  title={Rumor psychology: Social and organizational approaches.},
  author={DiFonzo, Nicholas and Bordia, Prashant},
  year={2007},
  publisher={American Psychological Association}
}
@book{zimdars2020fake,
  title={Fake news: understanding media and misinformation in the digital age},
  author={Zimdars, Melissa and McLeod, Kembrew},
  year={2020},
  publisher={MIT Press}
}
@article{wu2016mining,
  title={Mining misinformation in social media},
  author={Wu, Liang and Morstatter, Fred and Hu, Xia and Liu, Huan},
  journal={Big Data in Complex and Social Networks},
  pages={123--152},
  year={2016},
  publisher={CRC Press}
}
@article{shin2018diffusion,
  title={The diffusion of misinformation on social media: Temporal pattern, message, and source},
  author={Shin, Jieun and Jian, Lian and Driscoll, Kevin and Bar, Fran{\c{c}}ois},
  journal={Computers in Human Behavior},
  volume={83},
  pages={278--287},
  year={2018},
  publisher={Elsevier}
}


@inproceedings{wang2010detecting,
  title={Detecting spam bots in online social networking sites: a machine learning approach},
  author={Wang, Alex Hai},
  booktitle={IFIP Annual Conference on Data and Applications Security and Privacy},
  pages={335--342},
  year={2010},
  organization={Springer}
}
@inproceedings{xu2019exploiting,
  title={Exploiting the Spam Correlations in Scalable Online Social Spam Detection},
  author={Xu, Hailu and Hu, Liting and Liu, Pinchao and Guan, Boyuan},
  booktitle={International Conference on Cloud Computing},
  pages={146--160},
  year={2019},
  organization={Springer}
}
@article{ahmed2018detecting,
  title={Detecting opinion spams and fake news using text classification},
  author={Ahmed, Hadeer and Traore, Issa and Saad, Sherif},
  journal={Security and Privacy},
  volume={1},
  number={1},
  pages={e9},
  year={2018},
  publisher={Wiley Online Library}
}
@article{al2019spam,
  title={Spam profiles detection on social networks using computational intelligence methods: The effect of the lingual context},
  author={Al-Zoubi, Ala’M and Alqatawna, Ja’far and Faris, Hossam and Hassonah, Mohammad A},
  journal={Journal of Information Science},
  pages={0165551519861599},
  year={2019},
  publisher={SAGE Publications Sage UK: London, England}
}
@article{oriola2020evaluating,
  title={Evaluating Machine Learning Techniques for Detecting Offensive and Hate Speech in South African Tweets},
  author={Oriola, Oluwafemi and Kotz{\'e}, Eduan},
  journal={IEEE Access},
  volume={8},
  pages={21496--21509},
  year={2020},
  publisher={IEEE}
}
@article{gaydhani2018detecting,
  title={Detecting hate speech and offensive language on twitter using machine learning: An n-gram and tfidf based approach},
  author={Gaydhani, Aditya and Doma, Vikrant and Kendre, Shrikant and Bhagwat, Laxmi},
  journal={arXiv preprint arXiv:1809.08651},
  year={2018}
}
@article{al2020lies,
  title={Lies Kill, Facts Save: Detecting COVID-19 Misinformation in Twitter},
  author={Al-Rakhami, Mabrook S and Al-Amri, Atif M},
  journal={IEEE Access},
  volume={8},
  pages={155961--155970},
  year={2020},
  publisher={IEEE}
}
@article{farrell2019evidence,
  title={Evidence-based strategies to combat scientific misinformation},
  author={Farrell, Justin and McConnell, Kathryn and Brulle, Robert},
  journal={Nature Climate Change},
  volume={9},
  number={3},
  pages={191--195},
  year={2019},
  publisher={Nature Publishing Group}
}
@inproceedings{fivethirtyeight2018tracking,
  title={Tracking Congress In The Age Of Trump},
  author={FiveThirtyEight, Live Updating},
  booktitle={An updating tally of how often every member of the House and the Senate votes with or against the president},
  url={https://projects. fivethirtyeight. com/congress-trump-score/},
  year={2018}
}
@article{mosleh2020shared,
  title={Shared Partisanship Dramatically Increases Social Tie Formation in a Twitter Field Experiment},
  author={Mosleh, Mohsen and Martel, Cameron and Eckles, Dean and Rand, David},
  year={2020},
  publisher={PsyArXiv}
}
@inproceedings{ma2017detect,
  title={Detect rumors in microblog posts using propagation structure via kernel learning},
  author={Ma, Jing and Gao, Wei and Wong, Kam-Fai},
  year={2017},
  organization={Association for Computational Linguistics}
}
@article{ma2016detecting,
  title={Detecting rumors from microblogs with recurrent neural networks},
  author={Ma, Jing and Gao, Wei and Mitra, Prasenjit and Kwon, Sejeong and Jansen, Bernard J and Wong, Kam-Fai and Cha, Meeyoung},
  year={2016},
  publisher={AAAI Press}
}
@article{vargo2018agenda,
  title={The agenda-setting power of fake news: A big data analysis of the online media landscape from 2014 to 2016},
  author={Vargo, Chris J and Guo, Lei and Amazeen, Michelle A},
  journal={New media \& society},
  volume={20},
  number={5},
  pages={2028--2049},
  year={2018},
  publisher={SAGE Publications Sage UK: London, England}
}
@article{khoo2020interpretable,
  title={Interpretable Rumor Detection in Microblogs by Attending to User Interactions},
  author={Khoo, Ling Min Serena and Chieu, Hai Leong and Qian, Zhong and Jiang, Jing},
  journal={arXiv preprint arXiv:2001.10667},
  year={2020}
}
 @misc{cnbc2020amazon, 
 title={‘Amazon is not taking care of us’: Warehouse workers say they’re struggling to get paid despite sick leave policy}, 
url={https://www.cnbc.com/2020/04/08/amazon-warehouse-workers-say-they-struggle-to-get-paid-despite-sick-leave-policy.html}, 
 journal={CNBC}, 
 author={Palmer, Annie}, 
 year={2020}, 
 month={Apr}
 } 
 
 @misc{guardian2020amazon, 
 title={Revealed: Amazon told workers paid sick leave law doesn't cover warehouses}, 
url={https://www.theguardian.com/technology/2020/may/07/amazon-warehouse-workers-coronavirus-time-off-california}, 
 journal={The Guardian}, 
 author={Levin, Sam}, 
 year={2020}, 
 month={May}
 } 
 
 @misc{Stebbins2020bezos, 
 title={Jeff Bezos, Elon Musk among US billionaires getting richer during coronavirus pandemic}, 
url={https://www.usatoday.com/story/money/2020/12/01/american-billionaires-that-got-richer-during-covid/43205617/}, 
 journal={USA Today}, 
 author={Stebbins, Samuel and Suneson, Grant}, 
 year={2020}, 
 month={Dec}
 } 
 @article{nicas2020sanitizer,
  title={He Has 17,700 Bottles of Hand Sanitizer and Nowhere to Sell Them},
  author={Nicas, Jack},
  journal={The New York Times},
  volume={7},
  year={2020}
}
 @misc{kim2020price, 
 title={The Price Is Not Right: Amazon Sellers Gouged Prices By As Much As 1,000\% During COVID-19}, 
url={https://www.refinery29.com/en-us/2020/09/10018921/amazon-covid-19-price-gouging-report}, 
 journal={Refinery29}, 
 author={Kim, Whizy}, 
 year={2020}, 
 month={Sep}
 } 
@misc{moses2017celebrity, 
 title={How celebrity death hoaxes power fake news}, 
 url={https://digiday.com/media/queen-elizabeth-is-not-dead/}, 
 journal={Digiday}, 
 author={Moses, Lucia}, 
 year={2017}, 
 month={Jan},
 day={6}
 } 
 @misc{bezos2020letter, 
 title={2019 Letter to Shareholders}, url={https://www.aboutamazon.com/news/company-news/2019-letter-to-shareholders}, 
 journal={Amazon}, 
 author={Bezos, Jeff}, 
 year={2020}, 
 month={Apr}
 } 
 @article{harman2020prime,
  title={Prime Gouging: How Amazon Raised Prices to Profit from the Pandemic},
  author={Harman, Alex},
  journal={Public Citizen},
  volume={7},
  year={2020}
}
 @misc{gibson2020amazon, 
 title={Amazon customers face price gouging, consumer watchdog says},
    url={ https://www.cbsnews.com/news/amazon-price-gouging-consumer-watchdog/}, 
 journal={CBS News}, 
 author={Gibson, Kate}, 
 year={2020}, 
 month={Sep}
 } 

@inproceedings{barbieri2014modelling,
  title={Modelling irony in twitter},
  author={Barbieri, Francesco and Saggion, Horacio},
  booktitle={Proceedings of the Student Research Workshop at the 14th Conference of the European Chapter of the Association for Computational Linguistics},
  pages={56--64},
  year={2014}
}
@inproceedings{buschmeier2014impact,
  title={An impact analysis of features in a classification approach to irony detection in product reviews},
  author={Buschmeier, Konstantin and Cimiano, Philipp and Klinger, Roman},
  booktitle={Proceedings of the 5th Workshop on Computational Approaches to Subjectivity, Sentiment and Social Media Analysis},
  pages={42--49},
  year={2014}
}
@inproceedings{ghosh2015sarcastic,
  title={Sarcastic or not: Word embeddings to predict the literal or sarcastic meaning of words},
  author={Ghosh, Debanjan and Guo, Weiwei and Muresan, Smaranda},
  booktitle={proceedings of the 2015 conference on empirical methods in natural language processing},
  pages={1003--1012},
  year={2015}
}
@article{potamias2020transformer,
  title={A transformer-based approach to irony and sarcasm detection},
  author={Potamias, Rolandos Alexandros and Siolas, Georgios and Stafylopatis, Andreas-Georgios},
  journal={Neural Computing and Applications},
  volume={32},
  number={23},
  pages={17309--17320},
  year={2020},
  publisher={Springer}
}
@article{oprea2019exploring,
  title={Exploring author context for detecting intended vs perceived sarcasm},
  author={Oprea, Silviu and Magdy, Walid},
  journal={arXiv preprint arXiv:1910.11932},
  year={2019}
}
@inproceedings{riloff2013sarcasm,
  title={Sarcasm as contrast between a positive sentiment and negative situation},
  author={Riloff, Ellen and Qadir, Ashequl and Surve, Prafulla and De Silva, Lalindra and Gilbert, Nathan and Huang, Ruihong},
  booktitle={Proceedings of the 2013 conference on empirical methods in natural language processing},
  pages={704--714},
  year={2013}
}
@inproceedings{ptavcek2014sarcasm,
  title={Sarcasm detection on czech and english twitter},
  author={Pt{\'a}{\v{c}}ek, Tom{\'a}{\v{s}} and Habernal, Ivan and Hong, Jun},
  booktitle={Proceedings of COLING 2014, the 25th International Conference on Computational Linguistics: Technical Papers},
  pages={213--223},
  year={2014}
}
@article{khodak2017large,
  title={A large self-annotated corpus for sarcasm},
  author={Khodak, Mikhail and Saunshi, Nikunj and Vodrahalli, Kiran},
  journal={arXiv preprint arXiv:1704.05579},
  year={2017}
}
@inproceedings{van2018semeval,
  title={Semeval-2018 task 3: Irony detection in english tweets},
  author={Van Hee, Cynthia and Lefever, Els and Hoste, V{\'e}ronique},
  booktitle={Proceedings of The 12th International Workshop on Semantic Evaluation},
  pages={39--50},
  year={2018}
}
@inproceedings{ghosh2015semeval,
  title={Semeval-2015 task 11: Sentiment analysis of figurative language in twitter},
  author={Ghosh, Aniruddha and Li, Guofu and Veale, Tony and Rosso, Paolo and Shutova, Ekaterina and Barnden, John and Reyes, Antonio},
  booktitle={Proceedings of the 9th international workshop on semantic evaluation (SemEval 2015)},
  pages={470--478},
  year={2015}
}
@article{sze2017efficient,
  title={Efficient processing of deep neural networks: A tutorial and survey},
  author={Sze, Vivienne and Chen, Yu-Hsin and Yang, Tien-Ju and Emer, Joel S},
  journal={Proceedings of the IEEE},
  volume={105},
  number={12},
  pages={2295--2329},
  year={2017},
  publisher={Ieee}
}

%% circuit breakers
@article{wang2019microstructure,
  title={A microstructure study of circuit breakers in the Chinese stock markets},
  author={Wang, Steven Shuye and Xu, Kuan and Zhang, Hao},
  journal={Pacific-Basin Finance Journal},
  volume={57},
  pages={101174},
  year={2019},
  publisher={Elsevier}
}
@techreport{brugler2014single,
  title={Single stock circuit breakers on the London Stock Exchange: do they improve subsequent market quality?},
  author={Brugler, James and Linton, Oliver},
  year={2014},
  institution={cemmap working paper}
}
@article{schwert1990stock,
  title={Stock market volatility},
  author={Schwert, G William},
  journal={Financial analysts journal},
  volume={46},
  number={3},
  pages={23--34},
  year={1990},
  publisher={Taylor \& Francis}
}
@article{schneider2020stock,
  title={How Stock Market Circuit Breakers Work},
  author={Schneider, Avie and Horsley, Scott},
  journal={NPR},
  year={2020},
  month={Mar},
  day={9}
}
@article{goodman2020digital,
  title={Digital Information Fidelity and Friction},
  author={Goodman, Ellen P.},
  journal={Knight First Ammendment Institute at Columbia University},
  year={2020},
  month={Feb},
  day={26}
}
@article{simpson2020fighting,
  title={Fighting Coronavirus Misinformation and Disinformation},
  author={Simpson, Erin and Conner, Adam},
  journal={The Center for American Progress},
  year={2020},
  month={Aug},
  day={18}
}
@article{bond2020circuit,
  title={Can Circuit Breakers Stop Viral Rumors On Facebook, Twitter?},
  author={Bond, Shannon},
  journal={NPR},
  year={2020},
  month={Sep},
  day={22}
}


%%%Literature Review

@article{van2020inoculating,
  title={Inoculating Against Fake News About COVID-19},
  author={van der Linden, Sander and Roozenbeek, Jon and Compton, Josh},
  journal={Frontiers in Psychology},
  volume={11},
  pages={2928},
  year={2020},
  publisher={Frontiers}
}
@inproceedings{castillo2011information,
  title={Information credibility on twitter},
  author={Castillo, Carlos and Mendoza, Marcelo and Poblete, Barbara},
  booktitle={Proceedings of the 20th international conference on World wide web},
  pages={675--684},
  year={2011}
}
@inproceedings{qazvinian2011rumor,
  title={Rumor has it: Identifying misinformation in microblogs},
  author={Qazvinian, Vahed and Rosengren, Emily and Radev, Dragomir and Mei, Qiaozhu},
  booktitle={Proceedings of the 2011 Conference on Empirical Methods in Natural Language Processing},
  pages={1589--1599},
  year={2011}
}
@inproceedings{ma2018rumor,
  title={Rumor detection on twitter with tree-structured recursive neural networks},
  author={Ma, Jing and Gao, Wei and Wong, Kam-Fai},
  year={2018},
  organization={Association for Computational Linguistics}
}
@inproceedings{takahashi2012rumor,
  title={Rumor detection on twitter},
  author={Takahashi, Tetsuro and Igata, Nobuyuki},
  booktitle={The 6th International Conference on Soft Computing and Intelligent Systems, and The 13th International Symposium on Advanced Intelligence Systems},
  pages={452--457},
  year={2012},
  organization={IEEE}
}
@inproceedings{gupta2014tweetcred,
  title={Tweetcred: Real-time credibility assessment of content on twitter},
  author={Gupta, Aditi and Kumaraguru, Ponnurangam and Castillo, Carlos and Meier, Patrick},
  booktitle={International Conference on Social Informatics},
  pages={228--243},
  year={2014},
  organization={Springer}
}
@inproceedings{popat2017assessing,
  title={Assessing the credibility of claims on the web},
  author={Popat, Kashyap},
  booktitle={Proceedings of the 26th International Conference on World Wide Web Companion},
  pages={735--739},
  year={2017}
}
@inproceedings{liu2018early,
  title={Early detection of fake news on social media through propagation path classification with recurrent and convolutional networks},
  author={Liu, Yang and Wu, Yi-Fang},
  booktitle={Proceedings of the AAAI Conference on Artificial Intelligence},
  volume={32},
  number={1},
  year={2018}
}
@inproceedings{yang2012automatic,
  title={Automatic detection of rumor on sina weibo},
  author={Yang, Fan and Liu, Yang and Yu, Xiaohui and Yang, Min},
  booktitle={Proceedings of the ACM SIGKDD workshop on mining data semantics},
  pages={1--7},
  year={2012}
}
@article{xu2019deep,
  title={Deep recurrent neural network and data filtering for rumor detection on sina weibo},
  author={Xu, Yichun and Wang, Chen and Dan, Zhiping and Sun, Shuifa and Dong, Fangmin},
  journal={Symmetry},
  volume={11},
  number={11},
  pages={1408},
  year={2019},
  publisher={Multidisciplinary Digital Publishing Institute}
}
@inproceedings{sun2013detecting,
  title={Detecting event rumors on sina weibo automatically},
  author={Sun, Shengyun and Liu, Hongyan and He, Jun and Du, Xiaoyong},
  booktitle={Asia-Pacific Web Conference},
  pages={120--131},
  year={2013},
  organization={Springer}
}
@article{kwon2017rumor,
  title={Rumor detection over varying time windows},
  author={Kwon, Sejeong and Cha, Meeyoung and Jung, Kyomin},
  journal={PloS one},
  volume={12},
  number={1},
  pages={e0168344},
  year={2017},
  publisher={Public Library of Science San Francisco, CA USA}
}
@inproceedings{ma2015detect,
  title={Detect rumors using time series of social context information on microblogging websites},
  author={Ma, Jing and Gao, Wei and Wei, Zhongyu and Lu, Yueming and Wong, Kam-Fai},
  booktitle={Proceedings of the 24th ACM international on conference on information and knowledge management},
  pages={1751--1754},
  year={2015}
}
@inproceedings{chen2018call,
  title={Call attention to rumors: Deep attention based recurrent neural networks for early rumor detection},
  author={Chen, Tong and Li, Xue and Yin, Hongzhi and Zhang, Jun},
  booktitle={Pacific-Asia conference on knowledge discovery and data mining},
  pages={40--52},
  year={2018},
  organization={Springer}
}
@inproceedings{zhao2015enquiring,
  title={Enquiring minds: Early detection of rumors in social media from enquiry posts},
  author={Zhao, Zhe and Resnick, Paul and Mei, Qiaozhu},
  booktitle={Proceedings of the 24th international conference on world wide web},
  pages={1395--1405},
  year={2015}
}
@inproceedings{wu2015false,
  title={False rumors detection on sina weibo by propagation structures},
  author={Wu, Ke and Yang, Song and Zhu, Kenny Q},
  booktitle={2015 IEEE 31st international conference on data engineering},
  pages={651--662},
  year={2015},
  organization={IEEE}
}
@inproceedings{jin2013epidemiological,
  title={Epidemiological modeling of news and rumors on twitter},
  author={Jin, Fang and Dougherty, Edward and Saraf, Parang and Cao, Yang and Ramakrishnan, Naren},
  booktitle={Proceedings of the 7th workshop on social network mining and analysis},
  pages={1--9},
  year={2013}
}
@inproceedings{ren2020adversarial,
  title={Adversarial Active Learning based Heterogeneous Graph Neural Network for Fake News Detection},
  author={Ren, Yuxiang and Wang, Bo and Zhang, Jiawei and Chang, Yi},
  booktitle={2020 IEEE International Conference on Data Mining (ICDM)},
  pages={452--461},
  year={2020},
  organization={IEEE}
}
@article{hamid2020fake,
  title={Fake News Detection in Social Media using Graph Neural Networks and NLP Techniques: A COVID-19 Use-case},
  author={Hamid, Abdullah and Shiekh, Nasrullah and Said, Naina and Ahmad, Kashif and Gul, Asma and Hassan, Laiq and Al-Fuqaha, Ala},
  journal={arXiv preprint arXiv:2012.07517},
  year={2020}
}
@book{vandam2019learning,
  title={Learning Algorithms for Detecting Disinformation on Social Media},
  author={VanDam, Courtland},
  year={2019},
  publisher={Michigan State University}
}
@inproceedings{vandam2016detecting,
  title={Detecting hashtag hijacking from twitter},
  author={VanDam, Courtland and Tan, Pang-Ning},
  booktitle={Proceedings of the 8th ACM Conference on Web Science},
  pages={370--371},
  year={2016}
}
@article{jain2015hashjacker,
  title={HashJacker-detection and analysis of hashtag hijacking on Twitter},
  author={Jain, Nikita and Agarwal, Pooja and Pruthi, Juhi},
  journal={International journal of computer applications},
  volume={114},
  number={19},
  year={2015},
  publisher={Citeseer}
}
@inproceedings{laniado2010making,
  title={Making sense of twitter},
  author={Laniado, David and Mika, Peter},
  booktitle={International Semantic Web Conference},
  pages={470--485},
  year={2010},
  organization={Springer}
}
@article{dashtipour2016multilingual,
  title={Multilingual sentiment analysis: state of the art and independent comparison of techniques},
  author={Dashtipour, Kia and Poria, Soujanya and Hussain, Amir and Cambria, Erik and Hawalah, Ahmad YA and Gelbukh, Alexander and Zhou, Qiang},
  journal={Cognitive computation},
  volume={8},
  number={4},
  pages={757--771},
  year={2016},
  publisher={Springer}
}
@article{gilkerson2018social,
  title={Social media, hashtag hijacking, and the evolution of an activist group strategy},
  author={Gilkerson, Nathan and Berg, Kati Tusinski},
  journal={Social media and crisis communication},
  pages={141--55},
  year={2018},
  publisher={Routledge New York}
}
@inproceedings{babcock2003distributed,
  title={Distributed top-k monitoring},
  author={Babcock, Brian and Olston, Chris},
  booktitle={Proceedings of the 2003 ACM SIGMOD international conference on Management of data},
  pages={28--39},
  year={2003}
}
@inproceedings{yang1998study,
  title={A study of retrospective and on-line event detection},
  author={Yang, Yiming and Pierce, Tom and Carbonell, Jaime},
  booktitle={Proceedings of the 21st annual international ACM SIGIR conference on Research and development in information retrieval},
  pages={28--36},
  year={1998}
}
@inproceedings{petrovic2010streaming,
  title={Streaming first story detection with application to twitter},
  author={Petrovi{\'c}, Sa{\v{s}}a and Osborne, Miles and Lavrenko, Victor},
  booktitle={Human language technologies: The 2010 annual conference of the north american chapter of the association for computational linguistics},
  pages={181--189},
  year={2010}
}
@inproceedings{alvanaki2012see,
  title={See what's enBlogue: real-time emergent topic identification in social media},
  author={Alvanaki, Foteini and Michel, Sebastian and Ramamritham, Krithi and Weikum, Gerhard},
  booktitle={Proceedings of the 15th International Conference on Extending Database Technology},
  pages={336--347},
  year={2012}
}
@article{finch2009incremental,
  title={Incremental calculation of weighted mean and variance},
  author={Finch, Tony},
  journal={University of Cambridge},
  volume={4},
  number={11-5},
  pages={41--42},
  year={2009}
}
@article{bennett2012logic,
  title={The logic of connective action: Digital media and the personalization of contentious politics},
  author={Bennett, W Lance and Segerberg, Alexandra},
  journal={Information, communication \& society},
  volume={15},
  number={5},
  pages={739--768},
  year={2012},
  publisher={Taylor \& Francis}
}
@inproceedings{schubert2014signitrend,
  title={Signitrend: scalable detection of emerging topics in textual streams by hashed significance thresholds},
  author={Schubert, Erich and Weiler, Michael and Kriegel, Hans-Peter},
  booktitle={Proceedings of the 20th ACM SIGKDD international conference on Knowledge discovery and data mining},
  pages={871--880},
  year={2014}
}
@article{han2020graph,
  title={Graph neural networks with continual learning for fake news detection from social media},
  author={Han, Yi and Karunasekera, Shanika and Leckie, Christopher},
  journal={arXiv preprint arXiv:2007.03316},
  year={2020}
}
@article{rath2021scarlet,
  title={SCARLET: Explainable Attention based Graph Neural Network for Fake News spreader prediction},
  author={Rath, Bhavtosh and Morales, Xavier and Srivastava, Jaideep},
  journal={arXiv preprint arXiv:2102.04627},
  year={2021}
}
@inproceedings{benamira2019semi,
  title={Semi-supervised learning and graph neural networks for fake news detection},
  author={Benamira, Adrien and Devillers, Benjamin and Lesot, Etienne and Ray, Ayush K and Saadi, Manal and Malliaros, Fragkiskos D},
  booktitle={2019 IEEE/ACM International Conference on Advances in Social Networks Analysis and Mining (ASONAM)},
  pages={568--569},
  year={2019},
  organization={IEEE}
}
@article{lee2016sequential,
  title={Sequential short-text classification with recurrent and convolutional neural networks},
  author={Lee, Ji Young and Dernoncourt, Franck},
  journal={arXiv preprint arXiv:1603.03827},
  year={2016}
}
@inproceedings{guacho2018semi,
  title={Semi-supervised content-based detection of misinformation via tensor embeddings},
  author={Guacho, Gisel Bastidas and Abdali, Sara and Shah, Neil and Papalexakis, Evangelos E},
  booktitle={2018 IEEE/ACM international conference on advances in social networks analysis and mining (ASONAM)},
  pages={322--325},
  year={2018},
  organization={IEEE}
}
@inproceedings{rubin2016fake,
  title={Fake news or truth? using satirical cues to detect potentially misleading news},
  author={Rubin, Victoria L and Conroy, Niall and Chen, Yimin and Cornwell, Sarah},
  booktitle={Proceedings of the second workshop on computational approaches to deception detection},
  pages={7--17},
  year={2016}
}
@inproceedings{horne2017just,
  title={This just in: Fake news packs a lot in title, uses simpler, repetitive content in text body, more similar to satire than real news},
  author={Horne, Benjamin and Adali, Sibel},
  booktitle={Proceedings of the International AAAI Conference on Web and Social Media},
  volume={11},
  number={1},
  year={2017}
}
@inproceedings{gupta2012evaluating,
  title={Evaluating event credibility on twitter},
  author={Gupta, Manish and Zhao, Peixiang and Han, Jiawei},
  booktitle={Proceedings of the 2012 SIAM International Conference on Data Mining},
  pages={153--164},
  year={2012},
  organization={SIAM}
}
@inproceedings{jin2016news,
  title={News verification by exploiting conflicting social viewpoints in microblogs},
  author={Jin, Zhiwei and Cao, Juan and Zhang, Yongdong and Luo, Jiebo},
  booktitle={Proceedings of the AAAI Conference on Artificial Intelligence},
  volume={30},
  number={1},
  year={2016}
}
@inproceedings{jin2014news,
  title={News credibility evaluation on microblog with a hierarchical propagation model},
  author={Jin, Zhiwei and Cao, Juan and Jiang, Yu-Gang and Zhang, Yongdong},
  booktitle={2014 IEEE International Conference on Data Mining},
  pages={230--239},
  year={2014},
  organization={IEEE}
}
@article{zhou2018fake,
  title={Fake news: A survey of research, detection methods, and opportunities},
  author={Zhou, Xinyi and Zafarani, Reza},
  journal={arXiv preprint arXiv:1812.00315},
  volume={2},
  year={2018}
}
@article{chandra2020graph,
  title={Graph-based Modeling of Online Communities for Fake News Detection},
  author={Chandra, Shantanu and Mishra, Pushkar and Yannakoudakis, Helen and Shutova, Ekaterina},
  journal={arXiv preprint arXiv:2008.06274},
  year={2020}
}
@inproceedings{wang2018eann,
  title={Eann: Event adversarial neural networks for multi-modal fake news detection},
  author={Wang, Yaqing and Ma, Fenglong and Jin, Zhiwei and Yuan, Ye and Xun, Guangxu and Jha, Kishlay and Su, Lu and Gao, Jing},
  booktitle={Proceedings of the 24th acm sigkdd international conference on knowledge discovery \& data mining},
  pages={849--857},
  year={2018}
}
@inproceedings{shu2019role,
  title={The role of user profiles for fake news detection},
  author={Shu, Kai and Zhou, Xinyi and Wang, Suhang and Zafarani, Reza and Liu, Huan},
  booktitle={Proceedings of the 2019 IEEE/ACM international conference on advances in social networks analysis and mining},
  pages={436--439},
  year={2019}
}
@inproceedings{zhou2020mathsf,
  title={$\mathsf {SAFE}$ : Similarity-Aware Multi-modal Fake News Detection},
  author={Zhou, Xinyi and Wu, Jindi and Zafarani, Reza},
  booktitle={Pacific-Asia Conference on Knowledge Discovery and Data Mining},
  pages={354--367},
  year={2020},
  organization={Springer}
}
@article{ciampaglia2015computational,
  title={Computational fact checking from knowledge networks},
  author={Ciampaglia, Giovanni Luca and Shiralkar, Prashant and Rocha, Luis M and Bollen, Johan and Menczer, Filippo and Flammini, Alessandro},
  journal={PloS one},
  volume={10},
  number={6},
  pages={e0128193},
  year={2015},
  publisher={Public Library of Science San Francisco, CA USA}
}
@article{shi2016discriminative,
  title={Discriminative predicate path mining for fact checking in knowledge graphs},
  author={Shi, Baoxu and Weninger, Tim},
  journal={Knowledge-based systems},
  volume={104},
  pages={123--133},
  year={2016},
  publisher={Elsevier}
}
@inproceedings{kashima2003marginalized,
  title={Marginalized kernels between labeled graphs},
  author={Kashima, Hisashi and Tsuda, Koji and Inokuchi, Akihiro},
  booktitle={Proceedings of the 20th international conference on machine learning (ICML-03)},
  pages={321--328},
  year={2003}
}
@inproceedings{shu2019beyond,
  title={Beyond news contents: The role of social context for fake news detection},
  author={Shu, Kai and Wang, Suhang and Liu, Huan},
  booktitle={Proceedings of the twelfth ACM international conference on web search and data mining},
  pages={312--320},
  year={2019}
}
@article{shu2020leveraging,
  title={Leveraging multi-source weak social supervision for early detection of fake news},
  author={Shu, Kai and Zheng, Guoqing and Li, Yichuan and Mukherjee, Subhabrata and Awadallah, Ahmed Hassan and Ruston, Scott and Liu, Huan},
  journal={arXiv preprint arXiv:2004.01732},
  year={2020}
}
@article{mishra2019abusive,
  title={Abusive language detection with graph convolutional networks},
  author={Mishra, Pushkar and Del Tredici, Marco and Yannakoudakis, Helen and Shutova, Ekaterina},
  journal={arXiv preprint arXiv:1904.04073},
  year={2019}
}
@inproceedings{li2019encoding,
  title={Encoding social information with graph convolutional networks for political perspective detection in news media},
  author={Li, Chang and Goldwasser, Dan},
  booktitle={Proceedings of the 57th Annual Meeting of the Association for Computational Linguistics},
  pages={2594--2604},
  year={2019}
}
@article{del2019you,
  title={You shall know a user by the company it keeps: Dynamic representations for social media users in nlp},
  author={Del Tredici, Marco and Marcheggiani, Diego and Walde, Sabine Schulte im and Fern{\'a}ndez, Raquel},
  journal={arXiv preprint arXiv:1909.00412},
  year={2019}
}

@inproceedings{nguyen2020fang,
  title={FANG: Leveraging social context for fake news detection using graph representation},
  author={Nguyen, Van-Hoang and Sugiyama, Kazunari and Nakov, Preslav and Kan, Min-Yen},
  booktitle={Proceedings of the 29th ACM International Conference on Information \& Knowledge Management},
  pages={1165--1174},
  year={2020}
}

 @article{halpern2015cop,
  title={The Cop},
  author={Halpern, Jake},
  journal={The New Yorker},
  year={2015},
  month={Aug},
  day={3}
}